
  <record>
    <leader>04093dta a2200421Ia 4500</leader>
    <controlfield tag="005">20220325145058.0</controlfield>
    <controlfield tag="008">080407m16501651tu            000 0 per d</controlfield>
    <controlfield tag="001">9954369313506421</controlfield>
    <datafield tag="035" ind1=" " ind2=" ">
      <subfield code="a">(NjP)5436931-princetondb</subfield>
    </datafield>
    <datafield tag="035" ind1=" " ind2=" ">
      <subfield code="a">(OCoLC)220895328</subfield>
    </datafield>
    <datafield tag="035" ind1=" " ind2=" ">
      <subfield code="a">(OCoLC)ocn220895328</subfield>
    </datafield>
    <datafield tag="035" ind1=" " ind2=" ">
      <subfield code="a">5436931</subfield>
    </datafield>
    <datafield tag="040" ind1=" " ind2=" ">
      <subfield code="a">PUL</subfield>
      <subfield code="c">PUL</subfield>
      <subfield code="e">amremm</subfield>
    </datafield>
    <datafield tag="043" ind1=" " ind2=" ">
      <subfield code="a">n-us-nj</subfield>
      <subfield code="a">a-tu---</subfield>
    </datafield>
    <datafield tag="049" ind1=" " ind2=" ">
      <subfield code="a">PULL</subfield>
    </datafield>
    <datafield tag="066" ind1=" " ind2=" ">
      <subfield code="c">(3</subfield>
      <subfield code="c">(4</subfield>
    </datafield>
    <datafield tag="100" ind1="1" ind2=" ">
      <subfield code="6">880-01</subfield>
      <subfield code="a">Fārisī, Muḥammad Taqī ibn Muḥammad,</subfield>
      <subfield code="d">16th cent.</subfield>
    </datafield>
    <datafield tag="880" ind1="1" ind2=" ">
      <subfield code="6">100-01/(3/r</subfield>
      <subfield code="a">فارسي، محمد تقي بن محمد</subfield>
    </datafield>
    <datafield tag="240" ind1="1" ind2="0">
      <subfield code="6">880-02</subfield>
      <subfield code="a">Risālah-yi Asṭurlāb.</subfield>
      <subfield code="k">Selections</subfield>
    </datafield>
    <datafield tag="880" ind1="1" ind2="0">
      <subfield code="6">240-02/(3/r</subfield>
      <subfield code="a">رساله اسطرلاب</subfield>
    </datafield>
    <datafield tag="245" ind1="1" ind2="0">
      <subfield code="6">880-03</subfield>
      <subfield code="a">Fāʾidah dar maʻrifat-i baʻz̤ī az kawākib thawābit kih bar asṭurlābhā-yi shamālī wa-junūbī naqsh mīkunand.</subfield>
    </datafield>
    <datafield tag="880" ind1="1" ind2="0">
      <subfield code="6">245-03/(3/r</subfield>
      <subfield code="a">فايدة در معرفت بعضي از كواكب ثوابت كه بر اسطرلابهاي شمالي وجنوبي نقش ميكنند</subfield>
    </datafield>
    <datafield tag="246" ind1="1" ind2=" ">
      <subfield code="6">880-04</subfield>
      <subfield code="i">Title in Dharīʻah:</subfield>
      <subfield code="a">Āghāz wa-anjām</subfield>
    </datafield>
    <datafield tag="880" ind1="1" ind2=" ">
      <subfield code="6">246-04/(3/r</subfield>
      <subfield code="a">آغاز وانجام</subfield>
    </datafield>
    <datafield tag="260" ind1=" " ind2=" ">
      <subfield code="a">[Istanbul,</subfield>
      <subfield code="c">1650-1651]</subfield>
    </datafield>
    <datafield tag="500" ind1=" " ind2=" ">
      <subfield code="a">20220325deletesforjoycekpc</subfield>
    </datafield>
    <datafield tag="500" ind1=" " ind2=" ">
      <subfield code="a">Ms. component part.</subfield>
    </datafield>
    <datafield tag="500" ind1=" " ind2=" ">
      <subfield code="a">Origin: The date of copy of this text is not mentioned explicitly; however, it appears to be by the same hand as other texts in the ms., copied from Jumādá al-Ulá 1060 to Ṣafar 1061H. in Qusṭanṭinīyah.</subfield>
    </datafield>
    <datafield tag="500" ind1=" " ind2=" ">
      <subfield code="a">Title from rubric (fol. 302b).</subfield>
    </datafield>
    <datafield tag="510" ind1="4" ind2=" ">
      <subfield code="a">Ṭihrānī, Āghā Buzurg. Dharīʻah,</subfield>
      <subfield code="c">vol. I, p. 35, no. 172</subfield>
    </datafield>
    <datafield tag="520" ind1="8" ind2=" ">
      <subfield code="a">Treatise on the use of astrolabe. In Persian.</subfield>
    </datafield>
    <datafield tag="650" ind1=" " ind2="0">
      <subfield code="a">Astrolabes</subfield>
      <subfield code="z">Islamic empire</subfield>
      <subfield code="y">16th century.</subfield>
    </datafield>
    <datafield tag="650" ind1=" " ind2="0">
      <subfield code="a">Manuscripts, Persian</subfield>
      <subfield code="z">New Jersey</subfield>
      <subfield code="z">Princeton.</subfield>
    </datafield>
    <datafield tag="773" ind1="0" ind2=" ">
      <subfield code="7">nntm</subfield>
      <subfield code="t">Majmūʻa-yi rasāʾil-i nādirah,</subfield>
      <subfield code="g">fol. 302b-304b.</subfield>
      <subfield code="w">9954368663506421</subfield>
    </datafield>
    <datafield tag="880" ind1=" " ind2=" ">
      <subfield code="6">500-00/(3/r</subfield>
      <subfield code="a">Explicit: واينهارا بايد شناخت وموضع ايشان از فلك بايد دانست چه در اكثر اسطرلابها اين كوكب نقش كنند نقل از رسالهء اسطرلاب محمد التقي الفارسي</subfield>
    </datafield>
    <datafield tag="880" ind1=" " ind2=" ">
      <subfield code="6">500-00/(3/r</subfield>
      <subfield code="a">Incipit: فايده در معرفت ... ميكنند بدانكه هزار وبيست</subfield>
    </datafield>
    <datafield tag="856" ind1="4" ind2="1">
      <subfield code="u">http://arks.princeton.edu/ark:/88435/r781wg07m</subfield>
    </datafield>
    <datafield tag="852" ind1="8" ind2=" ">
      <subfield code="b">rare</subfield>
      <subfield code="c">hsvm</subfield>
      <subfield code="h">Islamic Manuscripts, Garrett no. 373Y</subfield>
      <subfield code="8">22482066230006421</subfield>
    </datafield>
  </record>