
  <record>
    <leader>05072dta a2200373Ia 4500</leader>
    <controlfield tag="005">20220325145108.0</controlfield>
    <controlfield tag="008">080407m16501651tu            000 0 ara d</controlfield>
    <controlfield tag="001">9954369543506421</controlfield>
    <datafield tag="035" ind1=" " ind2=" ">
      <subfield code="a">(NjP)5436954-princetondb</subfield>
    </datafield>
    <datafield tag="035" ind1=" " ind2=" ">
      <subfield code="a">(OCoLC)220897093</subfield>
    </datafield>
    <datafield tag="035" ind1=" " ind2=" ">
      <subfield code="a">(OCoLC)ocn220897093</subfield>
    </datafield>
    <datafield tag="035" ind1=" " ind2=" ">
      <subfield code="a">5436954</subfield>
    </datafield>
    <datafield tag="040" ind1=" " ind2=" ">
      <subfield code="a">PUL</subfield>
      <subfield code="c">PUL</subfield>
      <subfield code="e">amremm</subfield>
    </datafield>
    <datafield tag="043" ind1=" " ind2=" ">
      <subfield code="a">n-us-nj</subfield>
      <subfield code="a">a-tu---</subfield>
    </datafield>
    <datafield tag="049" ind1=" " ind2=" ">
      <subfield code="a">PULL</subfield>
    </datafield>
    <datafield tag="066" ind1=" " ind2=" ">
      <subfield code="c">(3</subfield>
    </datafield>
    <datafield tag="245" ind1="1" ind2="0">
      <subfield code="6">880-02</subfield>
      <subfield code="a">Kifāyat al-taʻlīm wa-al-ṭarīq fī wadʻ al-taqwīm.</subfield>
    </datafield>
    <datafield tag="880" ind1="1" ind2="0">
      <subfield code="6">245-02/(3/r</subfield>
      <subfield code="a">كفاية التعليم والطريق في ودع التقويم</subfield>
    </datafield>
    <datafield tag="260" ind1=" " ind2=" ">
      <subfield code="a">[Istanbul,</subfield>
      <subfield code="c">1650-1651]</subfield>
    </datafield>
    <datafield tag="500" ind1=" " ind2=" ">
      <subfield code="a">20220325deletesforjoycekpc</subfield>
    </datafield>
    <datafield tag="500" ind1=" " ind2=" ">
      <subfield code="a">Ms. component part.</subfield>
    </datafield>
    <datafield tag="500" ind1=" " ind2=" ">
      <subfield code="a">Origin: The date of copy of this text is not mentioned explicitly; however, it appears to be by the same hand as other texts in the ms., copied from Jumādá al-Ulá 1060 to Ṣafar 1061H. in Qusṭanṭinīyah.</subfield>
    </datafield>
    <datafield tag="500" ind1=" " ind2=" ">
      <subfield code="a">Title from beginning of text (fol. 412a, l. 1-2).</subfield>
    </datafield>
    <datafield tag="510" ind1="4" ind2=" ">
      <subfield code="a">Mach, R. Yahuda,</subfield>
      <subfield code="c">5021</subfield>
    </datafield>
    <datafield tag="520" ind1="8" ind2=" ">
      <subfield code="a">Anonymous treatise on chronology and calendars. According to the beginning of the text, this treatise comprises three faṣl (Fī dhikr al-tawārīkh; Fī ḥarakāt al-kawākib; Fī mā yatarattabu ʻalá al-ḥarakāt min al-aʻmāl), but the present copy is divided in two faṣl: "Fī dhikr al-tawārīkh al-mustaʻmalah al-mashhūrah fī zamāninā wa-istikhrāj baʻḍihā min baʻḍin" (fol. 412a) and "Faṣl fī istikhrāj al-tawārīkh baʻḍihā min baʻḍin" (fol. 418a). Not identical with the treatise of al-Kūm al-Rīshī bearing the same title (R. Mach).</subfield>
    </datafield>
    <datafield tag="650" ind1=" " ind2="0">
      <subfield code="a">Astronomy, Arab</subfield>
      <subfield code="v">Early works to 1800.</subfield>
      <subfield code="0">http://id.loc.gov/authorities/subjects/sh2009116093</subfield>
    </datafield>
    <datafield tag="650" ind1=" " ind2="0">
      <subfield code="a">Calendar</subfield>
      <subfield code="z">Islamic empire</subfield>
      <subfield code="v">Early works to 1800.</subfield>
    </datafield>
    <datafield tag="650" ind1=" " ind2="0">
      <subfield code="a">Manuscripts, Arabic</subfield>
      <subfield code="z">New Jersey</subfield>
      <subfield code="z">Princeton.</subfield>
    </datafield>
    <datafield tag="773" ind1="0" ind2=" ">
      <subfield code="7">nntm</subfield>
      <subfield code="t">Majmūʻa-yi rasāʾil-i nādirah,</subfield>
      <subfield code="g">fol. 410b-419a.</subfield>
      <subfield code="w">9954368663506421</subfield>
    </datafield>
    <datafield tag="880" ind1="0" ind2=" ">
      <subfield code="6">130-01/(3/r</subfield>
      <subfield code="a">كفاية التعليم والطريق في ودع التقويم</subfield>
    </datafield>
    <datafield tag="880" ind1=" " ind2=" ">
      <subfield code="6">500-00/(3/r</subfield>
      <subfield code="a">Explicit: ثم زد علي الباقي من السنة المنكرة من التاريخ المعلوم جدول يستخرج منه التواريخ الاربعة المشهورة وهي تاريخ الهجرة والروم والقبط والفرس [جدول] م</subfield>
    </datafield>
    <datafield tag="880" ind1=" " ind2=" ">
      <subfield code="6">500-00/(3/r</subfield>
      <subfield code="a">Incipit: الحمد لله الذي خلق الخلق وابدع السّموات وقسم الافلاك الي البروج والدقايق والدرجات ... وبعد فاني استخرت الله تعالي في حميع رسالة تحتوي على معرفة اماكن الكواكب وحركاتها</subfield>
    </datafield>
    <datafield tag="856" ind1="4" ind2="1">
      <subfield code="u">http://arks.princeton.edu/ark:/88435/r781wg07m</subfield>
    </datafield>
    <datafield tag="852" ind1="8" ind2=" ">
      <subfield code="b">rare</subfield>
      <subfield code="c">hsvm</subfield>
      <subfield code="h">Islamic Manuscripts, Garrett no. 373Y</subfield>
      <subfield code="8">22482125290006421</subfield>
    </datafield>
  </record>