
  <record>
    <leader>01167dam a2200313 a 4500</leader>
    <controlfield tag="005">20200924171913.0</controlfield>
    <controlfield tag="008">080409s2008    enk           001 0 eng d</controlfield>
    <controlfield tag="001">9954453953506421</controlfield>
    <datafield tag="035" ind1=" " ind2=" ">
      <subfield code="a">(OCoLC)ocn191810375</subfield>
    </datafield>
    <datafield tag="035" ind1=" " ind2=" ">
      <subfield code="a">(UkOxBHB)L1782340</subfield>
    </datafield>
    <datafield tag="035" ind1=" " ind2=" ">
      <subfield code="a">5445395</subfield>
    </datafield>
    <datafield tag="035" ind1=" " ind2=" ">
      <subfield code="a">(OCoLC)191810375</subfield>
    </datafield>
    <datafield tag="035" ind1=" " ind2=" ">
      <subfield code="a">(NjP)5445395-princetondb</subfield>
    </datafield>
    <datafield tag="040" ind1=" " ind2=" ">
      <subfield code="a">BTCTA</subfield>
      <subfield code="c">BTCTA</subfield>
      <subfield code="d">IUP</subfield>
    </datafield>
    <datafield tag="020" ind1=" " ind2=" ">
      <subfield code="a">9781840468908 (pbk.)</subfield>
    </datafield>
    <datafield tag="020" ind1=" " ind2=" ">
      <subfield code="a">1840468904 (pbk.)</subfield>
    </datafield>
    <datafield tag="090" ind1=" " ind2=" ">
      <subfield code="a">GV706.5</subfield>
      <subfield code="b">.H86 2008</subfield>
    </datafield>
    <datafield tag="100" ind1="1" ind2=" ">
      <subfield code="a">Humphreys, Joe.</subfield>
      <subfield code="0">http://id.loc.gov/authorities/names/nr2006017050</subfield>
    </datafield>
    <datafield tag="245" ind1="1" ind2="0">
      <subfield code="a">Foul play :</subfield>
      <subfield code="b">what's wrong with sport /</subfield>
      <subfield code="c">Joe Humphreys.</subfield>
    </datafield>
    <datafield tag="260" ind1=" " ind2=" ">
      <subfield code="a">Thriplow (Eng.) :</subfield>
      <subfield code="b">Icon Books,</subfield>
      <subfield code="c">c2008.</subfield>
    </datafield>
    <datafield tag="300" ind1=" " ind2=" ">
      <subfield code="a">ix, 271 p. ;</subfield>
      <subfield code="c">20 cm.</subfield>
    </datafield>
    <datafield tag="504" ind1=" " ind2=" ">
      <subfield code="a">Includes bibliographical references (p. 239-259) and index.</subfield>
    </datafield>
    <datafield tag="650" ind1=" " ind2="0">
      <subfield code="a">Sports</subfield>
      <subfield code="x">Social aspects.</subfield>
    </datafield>
    <datafield tag="650" ind1=" " ind2="0">
      <subfield code="a">Sports</subfield>
      <subfield code="x">Moral and ethical aspects.</subfield>
      <subfield code="0">http://id.loc.gov/authorities/subjects/sh2008112206</subfield>
    </datafield>
    <datafield tag="650" ind1=" " ind2="0">
      <subfield code="a">Sports spectators.</subfield>
      <subfield code="0">http://id.loc.gov/authorities/subjects/sh86002435</subfield>
    </datafield>
    <datafield tag="650" ind1=" " ind2="0">
      <subfield code="a">Sports personnel.</subfield>
      <subfield code="0">http://id.loc.gov/authorities/subjects/sh91000924</subfield>
    </datafield>
    <datafield tag="852" ind1="0" ind2=" ">
      <subfield code="b">firestone</subfield>
      <subfield code="c">stacks</subfield>
      <subfield code="h">GV706.5</subfield>
      <subfield code="i">.H86 2008</subfield>
      <subfield code="8">22742534960006421</subfield>
    </datafield>
  </record>