
  <record>
    <leader>01529dam a22003374a 4500</leader>
    <controlfield tag="005">20200924165336.0</controlfield>
    <controlfield tag="008">071026s2008    iluab    b   s001 0ceng  </controlfield>
    <controlfield tag="001">9954800103506421</controlfield>
    <datafield tag="010" ind1=" " ind2=" ">
      <subfield code="a">  2007044515</subfield>
    </datafield>
    <datafield tag="020" ind1=" " ind2=" ">
      <subfield code="a">9780252073670 (pbk. : alk. paper)</subfield>
    </datafield>
    <datafield tag="020" ind1=" " ind2=" ">
      <subfield code="a">0252073673 (pbk. : alk. paper)</subfield>
    </datafield>
    <datafield tag="035" ind1=" " ind2=" ">
      <subfield code="a">(OCoLC)OCN180907568</subfield>
    </datafield>
    <datafield tag="035" ind1=" " ind2=" ">
      <subfield code="a">5480010</subfield>
    </datafield>
    <datafield tag="035" ind1=" " ind2=" ">
      <subfield code="a">(OCoLC)180907568</subfield>
      <subfield code="z">(OCoLC)149607360</subfield>
    </datafield>
    <datafield tag="035" ind1=" " ind2=" ">
      <subfield code="a">(NjP)5480010-princetondb</subfield>
    </datafield>
    <datafield tag="035" ind1=" " ind2=" ">
      <subfield code="z">(OCoLC)149607360</subfield>
    </datafield>
    <datafield tag="040" ind1=" " ind2=" ">
      <subfield code="a">DLC</subfield>
      <subfield code="c">DLC</subfield>
      <subfield code="d">BAKER</subfield>
      <subfield code="d">BTCTA</subfield>
      <subfield code="d">YDXCP</subfield>
      <subfield code="d">C#P</subfield>
    </datafield>
    <datafield tag="019" ind1=" " ind2=" ">
      <subfield code="a">149607360</subfield>
    </datafield>
    <datafield tag="043" ind1=" " ind2=" ">
      <subfield code="a">n-us---</subfield>
      <subfield code="a">cl-----</subfield>
    </datafield>
    <datafield tag="050" ind1="0" ind2="0">
      <subfield code="a">GV865.A1</subfield>
      <subfield code="b">R38 2008</subfield>
    </datafield>
    <datafield tag="082" ind1="0" ind2="0">
      <subfield code="a">796.357/64098</subfield>
      <subfield code="2">22</subfield>
    </datafield>
    <datafield tag="100" ind1="1" ind2=" ">
      <subfield code="a">Regalado, Samuel O.</subfield>
      <subfield code="q">(Samuel Octavio),</subfield>
      <subfield code="d">1953-</subfield>
      <subfield code="0">http://id.loc.gov/authorities/names/n97053802</subfield>
    </datafield>
    <datafield tag="245" ind1="1" ind2="0">
      <subfield code="a">Viva baseball! :</subfield>
      <subfield code="b">Latin major leaguers and their special hunger /</subfield>
      <subfield code="c">Samuel O. Regalado.</subfield>
    </datafield>
    <datafield tag="250" ind1=" " ind2=" ">
      <subfield code="a">3rd ed.</subfield>
    </datafield>
    <datafield tag="260" ind1=" " ind2=" ">
      <subfield code="a">Urbana :</subfield>
      <subfield code="b">University of Illinois Press,</subfield>
      <subfield code="c">c2008.</subfield>
    </datafield>
    <datafield tag="300" ind1=" " ind2=" ">
      <subfield code="a">xvi, 257 p. :</subfield>
      <subfield code="b">ill., maps ;</subfield>
      <subfield code="c">23 cm.</subfield>
    </datafield>
    <datafield tag="440" ind1=" " ind2="0">
      <subfield code="a">Sport and society</subfield>
    </datafield>
    <datafield tag="504" ind1=" " ind2=" ">
      <subfield code="a">Includes bibliographical references (p. [237]-248) and index.</subfield>
    </datafield>
    <datafield tag="505" ind1="0" ind2=" ">
      <subfield code="a">That special hunger -- Beginnings -- Beisbol in el norte -- In las grandes ligas -- What kind of country is this? -- Strangers in the land -- Nobody cares about us -- Pepper blood -- Adios amigo Roberto -- Fernandomania -- The spirit of the Latin -- "Sammy is the man" -- The Latinos have arrived.</subfield>
    </datafield>
    <datafield tag="650" ind1=" " ind2="0">
      <subfield code="a">Hispanic American baseball players</subfield>
      <subfield code="v">Biography.</subfield>
    </datafield>
    <datafield tag="650" ind1=" " ind2="0">
      <subfield code="a">Baseball players</subfield>
      <subfield code="z">Latin America</subfield>
      <subfield code="v">Biography.</subfield>
    </datafield>
    <datafield tag="852" ind1="0" ind2=" ">
      <subfield code="b">firestone</subfield>
      <subfield code="c">stacks</subfield>
      <subfield code="h">GV865.A1</subfield>
      <subfield code="i">R38 2008</subfield>
      <subfield code="8">22615731430006421</subfield>
    </datafield>
  </record>