
  <record>
    <leader>01751dam a2200385 a 4500</leader>
    <controlfield tag="005">20200924165743.0</controlfield>
    <controlfield tag="008">070816s2007    nyu           000 j eng  </controlfield>
    <controlfield tag="001">9954834643506421</controlfield>
    <datafield tag="035" ind1=" " ind2=" ">
      <subfield code="a">(OCoLC)ocn164865457</subfield>
    </datafield>
    <datafield tag="035" ind1=" " ind2=" ">
      <subfield code="a">5483464</subfield>
    </datafield>
    <datafield tag="035" ind1=" " ind2=" ">
      <subfield code="a">(OCoLC)164865457</subfield>
      <subfield code="z">(OCoLC)154694538</subfield>
    </datafield>
    <datafield tag="035" ind1=" " ind2=" ">
      <subfield code="a">(NjP)5483464-princetondb</subfield>
    </datafield>
    <datafield tag="035" ind1=" " ind2=" ">
      <subfield code="z">(OCoLC)154694538</subfield>
    </datafield>
    <datafield tag="040" ind1=" " ind2=" ">
      <subfield code="a">CaNFSM</subfield>
      <subfield code="b">eng</subfield>
      <subfield code="c">NLC</subfield>
      <subfield code="d">JFN</subfield>
      <subfield code="d">BAKER</subfield>
      <subfield code="d">SDE</subfield>
      <subfield code="d">YDXCP</subfield>
      <subfield code="d">BTCTA</subfield>
      <subfield code="d">BWX</subfield>
      <subfield code="d">IXA</subfield>
      <subfield code="d">Q2Z</subfield>
      <subfield code="d">CLU</subfield>
    </datafield>
    <datafield tag="016" ind1=" " ind2=" ">
      <subfield code="a">20080087361</subfield>
    </datafield>
    <datafield tag="019" ind1=" " ind2=" ">
      <subfield code="a">154694538</subfield>
    </datafield>
    <datafield tag="020" ind1=" " ind2=" ">
      <subfield code="a">1602860009</subfield>
    </datafield>
    <datafield tag="020" ind1=" " ind2=" ">
      <subfield code="a">9781602860001</subfield>
    </datafield>
    <datafield tag="050" ind1="1" ind2="4">
      <subfield code="a">PR9199.4.L353</subfield>
      <subfield code="b">B56 2007</subfield>
    </datafield>
    <datafield tag="055" ind1="0" ind2="2">
      <subfield code="a">PS8623*</subfield>
    </datafield>
    <datafield tag="055" ind1="0" ind2="0">
      <subfield code="a">PS8623 A467</subfield>
      <subfield code="b">B5 2007</subfield>
    </datafield>
    <datafield tag="082" ind1="0" ind2=" ">
      <subfield code="a">C813/.6</subfield>
      <subfield code="2">22</subfield>
    </datafield>
    <datafield tag="082" ind1="1" ind2="4">
      <subfield code="a">FIC</subfield>
      <subfield code="2">14</subfield>
    </datafield>
    <datafield tag="100" ind1="1" ind2=" ">
      <subfield code="a">Lam, Vincent.</subfield>
      <subfield code="0">http://id.loc.gov/authorities/names/no2006038402</subfield>
    </datafield>
    <datafield tag="245" ind1="1" ind2="0">
      <subfield code="a">Bloodletting &amp; miraculous cures /</subfield>
      <subfield code="c">Vincent Lam.</subfield>
    </datafield>
    <datafield tag="246" ind1="3" ind2=" ">
      <subfield code="a">Bloodletting and miraculous cures</subfield>
    </datafield>
    <datafield tag="250" ind1=" " ind2=" ">
      <subfield code="a">1st ed.</subfield>
    </datafield>
    <datafield tag="260" ind1=" " ind2=" ">
      <subfield code="a">New York :</subfield>
      <subfield code="b">Weinstein Books,</subfield>
      <subfield code="c">c2007.</subfield>
    </datafield>
    <datafield tag="300" ind1=" " ind2=" ">
      <subfield code="a">353 p. ;</subfield>
      <subfield code="c">22 cm.</subfield>
    </datafield>
    <datafield tag="500" ind1=" " ind2=" ">
      <subfield code="a">On cover: Stories.</subfield>
    </datafield>
    <datafield tag="505" ind1="0" ind2="0">
      <subfield code="t">How to get into medical school, part I --</subfield>
      <subfield code="t">Take all of Murphy --</subfield>
      <subfield code="t">How to get into medical school, part II --</subfield>
      <subfield code="t">Code clock --</subfield>
      <subfield code="t">A long migration --</subfield>
      <subfield code="t">Winston --</subfield>
      <subfield code="t">Eli --</subfield>
      <subfield code="t">Afterwards --</subfield>
      <subfield code="t">An insistent tide --</subfield>
      <subfield code="t">Night flight --</subfield>
      <subfield code="t">Contact tracing --</subfield>
      <subfield code="t">Before light.</subfield>
    </datafield>
    <datafield tag="520" ind1=" " ind2=" ">
      <subfield code="a">Twelve interwoven stories follow the lives of a group of young doctors as they make their way from medical school to the world of emergency rooms, evacuation missions, and research into new viruses, dealing with challenges and moral dilemmas along the way.</subfield>
    </datafield>
    <datafield tag="650" ind1=" " ind2="0">
      <subfield code="a">Short stories.</subfield>
      <subfield code="0">http://id.loc.gov/authorities/subjects/sh85121813</subfield>
    </datafield>
    <datafield tag="655" ind1=" " ind2="7">
      <subfield code="a">Short stories.</subfield>
      <subfield code="2">lcgft</subfield>
      <subfield code="0">http://id.loc.gov/authorities/genreForms/gf2014026542</subfield>
    </datafield>
    <datafield tag="852" ind1="0" ind2=" ">
      <subfield code="b">firestone</subfield>
      <subfield code="c">stacks</subfield>
      <subfield code="h">PR9199.4.L353</subfield>
      <subfield code="i">B56 2007</subfield>
      <subfield code="8">22703302910006421</subfield>
    </datafield>
  </record>