
  <record>
    <leader>00628dam a2200205   4500</leader>
    <controlfield tag="005">20200925144258.0</controlfield>
    <controlfield tag="008">080625s2008                  0   0 eng d</controlfield>
    <controlfield tag="001">9955103853506421</controlfield>
    <datafield tag="020" ind1=" " ind2=" ">
      <subfield code="a">1843547171</subfield>
    </datafield>
    <datafield tag="035" ind1=" " ind2=" ">
      <subfield code="a">(OCoLC)221185980</subfield>
    </datafield>
    <datafield tag="035" ind1=" " ind2=" ">
      <subfield code="a">(UkOxBHB)L5789205</subfield>
    </datafield>
    <datafield tag="035" ind1=" " ind2=" ">
      <subfield code="a">5510385</subfield>
    </datafield>
    <datafield tag="035" ind1=" " ind2=" ">
      <subfield code="a">(NjP)5510385-princetondb</subfield>
    </datafield>
    <datafield tag="040" ind1=" " ind2=" ">
      <subfield code="a">UkOxBHB</subfield>
      <subfield code="c">UkOxBHB</subfield>
      <subfield code="d">NjP</subfield>
    </datafield>
    <datafield tag="050" ind1=" " ind2="4">
      <subfield code="a">PR6070.H662</subfield>
      <subfield code="b">W52 2008</subfield>
    </datafield>
    <datafield tag="100" ind1="1" ind2=" ">
      <subfield code="a">Thompson, Brian,</subfield>
      <subfield code="d">1935-</subfield>
      <subfield code="0">http://id.loc.gov/authorities/names/n85060764</subfield>
    </datafield>
    <datafield tag="245" ind1="1" ind2="4">
      <subfield code="a">The widow's secret /</subfield>
      <subfield code="c">Brian Thompson.</subfield>
    </datafield>
    <datafield tag="260" ind1=" " ind2=" ">
      <subfield code="a">London :</subfield>
      <subfield code="b">Atlantic Books,</subfield>
      <subfield code="c">2008</subfield>
    </datafield>
    <datafield tag="300" ind1=" " ind2=" ">
      <subfield code="a">268 p. ;</subfield>
      <subfield code="c">23 cm.</subfield>
    </datafield>
    <datafield tag="852" ind1="0" ind2=" ">
      <subfield code="b">firestone</subfield>
      <subfield code="c">stacks</subfield>
      <subfield code="h">PR6070.H662</subfield>
      <subfield code="i">W52 2008</subfield>
      <subfield code="8">22715795680006421</subfield>
    </datafield>
  </record>