
  <record>
    <leader>01146dam a2200313 a 4500</leader>
    <controlfield tag="005">20200925144823.0</controlfield>
    <controlfield tag="008">080702s2008    ie            000 0 eng  </controlfield>
    <controlfield tag="001">9955175503506421</controlfield>
    <datafield tag="010" ind1=" " ind2=" ">
      <subfield code="a">  2008399632</subfield>
    </datafield>
    <datafield tag="035" ind1=" " ind2=" ">
      <subfield code="a">(OCoLC)ocn228427419</subfield>
    </datafield>
    <datafield tag="035" ind1=" " ind2=" ">
      <subfield code="a">(UkOxBHB)L7789607</subfield>
    </datafield>
    <datafield tag="035" ind1=" " ind2=" ">
      <subfield code="a">5517550</subfield>
    </datafield>
    <datafield tag="035" ind1=" " ind2=" ">
      <subfield code="a">(OCoLC)228427419</subfield>
      <subfield code="z">(OCoLC)223858316</subfield>
    </datafield>
    <datafield tag="035" ind1=" " ind2=" ">
      <subfield code="a">(NjP)5517550-princetondb</subfield>
    </datafield>
    <datafield tag="035" ind1=" " ind2=" ">
      <subfield code="z">(OCoLC)223858316</subfield>
    </datafield>
    <datafield tag="040" ind1=" " ind2=" ">
      <subfield code="a">BTCTA</subfield>
      <subfield code="c">BTCTA</subfield>
      <subfield code="d">DLC</subfield>
      <subfield code="d">BAKER</subfield>
      <subfield code="d">BXM</subfield>
      <subfield code="d">BWX</subfield>
      <subfield code="d">OCLCQ</subfield>
      <subfield code="d">YDXCP</subfield>
      <subfield code="d">BWK</subfield>
    </datafield>
    <datafield tag="019" ind1=" " ind2=" ">
      <subfield code="a">223858316</subfield>
    </datafield>
    <datafield tag="020" ind1=" " ind2=" ">
      <subfield code="a">9781903392768 (pbk.)</subfield>
    </datafield>
    <datafield tag="020" ind1=" " ind2=" ">
      <subfield code="a">1903392764 (pbk.)</subfield>
    </datafield>
    <datafield tag="042" ind1=" " ind2=" ">
      <subfield code="a">lccopycat</subfield>
    </datafield>
    <datafield tag="050" ind1="0" ind2="0">
      <subfield code="a">PR6108.I36</subfield>
      <subfield code="b">T56 2008</subfield>
    </datafield>
    <datafield tag="082" ind1="0" ind2="0">
      <subfield code="a">821/.92</subfield>
      <subfield code="2">22</subfield>
    </datafield>
    <datafield tag="100" ind1="1" ind2=" ">
      <subfield code="a">Higgins, Kevin,</subfield>
      <subfield code="d">1967-</subfield>
      <subfield code="0">http://id.loc.gov/authorities/names/nb2003084979</subfield>
    </datafield>
    <datafield tag="245" ind1="1" ind2="0">
      <subfield code="a">Time gentlemen, please /</subfield>
      <subfield code="c">Kevin Higgins.</subfield>
    </datafield>
    <datafield tag="260" ind1=" " ind2=" ">
      <subfield code="a">Cliffs of Moher, County Clare, Ireland :</subfield>
      <subfield code="b">Salmon Poetry ;</subfield>
      <subfield code="a">[Chester Springs, Pa.] :</subfield>
      <subfield code="b">U.S. distributor, Dufour Editions,</subfield>
      <subfield code="c">2008.</subfield>
    </datafield>
    <datafield tag="300" ind1=" " ind2=" ">
      <subfield code="a">94 p. ;</subfield>
      <subfield code="c">21 cm.</subfield>
    </datafield>
    <datafield tag="500" ind1=" " ind2=" ">
      <subfield code="a">Distributor from label on p. [4] of cover.</subfield>
    </datafield>
    <datafield tag="650" ind1=" " ind2="0">
      <subfield code="a">English poetry</subfield>
      <subfield code="x">Irish authors.</subfield>
      <subfield code="0">http://id.loc.gov/authorities/subjects/sh85043949</subfield>
    </datafield>
    <datafield tag="852" ind1="0" ind2=" ">
      <subfield code="b">firestone</subfield>
      <subfield code="c">stacks</subfield>
      <subfield code="h">PR6108.I36</subfield>
      <subfield code="i">T56 2008</subfield>
      <subfield code="8">22487548130006421</subfield>
    </datafield>
  </record>