
  <record>
    <leader>00853dam a2200265 a 4500</leader>
    <controlfield tag="005">20200925144824.0</controlfield>
    <controlfield tag="008">080702s2008    ie            000 0 eng  </controlfield>
    <controlfield tag="001">9955175523506421</controlfield>
    <datafield tag="010" ind1=" " ind2=" ">
      <subfield code="a">  2008399624</subfield>
    </datafield>
    <datafield tag="035" ind1=" " ind2=" ">
      <subfield code="a">(OCoLC)ocn223858481</subfield>
    </datafield>
    <datafield tag="035" ind1=" " ind2=" ">
      <subfield code="a">(UkOxBHB)L7789624</subfield>
    </datafield>
    <datafield tag="035" ind1=" " ind2=" ">
      <subfield code="a">5517552</subfield>
    </datafield>
    <datafield tag="035" ind1=" " ind2=" ">
      <subfield code="a">(OCoLC)223858481</subfield>
    </datafield>
    <datafield tag="035" ind1=" " ind2=" ">
      <subfield code="a">(NjP)5517552-princetondb</subfield>
    </datafield>
    <datafield tag="040" ind1=" " ind2=" ">
      <subfield code="a">DLC</subfield>
      <subfield code="c">DLC</subfield>
      <subfield code="d">BTCTA</subfield>
      <subfield code="d">BAKER</subfield>
      <subfield code="d">CDX</subfield>
      <subfield code="d">BWX</subfield>
      <subfield code="d">YDXCP</subfield>
      <subfield code="d">BWK</subfield>
    </datafield>
    <datafield tag="020" ind1=" " ind2=" ">
      <subfield code="a">9781903392775 (pbk.)</subfield>
    </datafield>
    <datafield tag="020" ind1=" " ind2=" ">
      <subfield code="a">1903392772 (pbk.)</subfield>
    </datafield>
    <datafield tag="050" ind1="0" ind2="0">
      <subfield code="a">PR6119.H38</subfield>
      <subfield code="b">T67 2008</subfield>
    </datafield>
    <datafield tag="082" ind1="0" ind2="0">
      <subfield code="a">821/.92</subfield>
      <subfield code="2">22</subfield>
    </datafield>
    <datafield tag="100" ind1="1" ind2=" ">
      <subfield code="a">Shaughnessy, Lorna,</subfield>
      <subfield code="d">1961-</subfield>
      <subfield code="0">http://id.loc.gov/authorities/names/n94122905</subfield>
    </datafield>
    <datafield tag="245" ind1="1" ind2="0">
      <subfield code="a">Torching the brown river /</subfield>
      <subfield code="c">Lorna Shaughnessy.</subfield>
    </datafield>
    <datafield tag="260" ind1=" " ind2=" ">
      <subfield code="a">Cliffs of Moher, County Clare, Ireland :</subfield>
      <subfield code="b">Salmon Poetry</subfield>
      <subfield code="c">2008.</subfield>
    </datafield>
    <datafield tag="300" ind1=" " ind2=" ">
      <subfield code="a">60 p. ;</subfield>
      <subfield code="c">21 cm.</subfield>
    </datafield>
    <datafield tag="852" ind1="0" ind2=" ">
      <subfield code="b">firestone</subfield>
      <subfield code="c">stacks</subfield>
      <subfield code="h">PR6119.H38</subfield>
      <subfield code="i">T67 2008</subfield>
      <subfield code="8">22487460260006421</subfield>
    </datafield>
  </record>