
  <record>
    <leader>01099dam a2200289 a 4500</leader>
    <controlfield tag="005">20200925145557.0</controlfield>
    <controlfield tag="008">080702s2009    ctu      b    001 0 eng  </controlfield>
    <controlfield tag="001">9955245543506421</controlfield>
    <datafield tag="010" ind1=" " ind2=" ">
      <subfield code="a">  2008028210</subfield>
    </datafield>
    <datafield tag="035" ind1=" " ind2=" ">
      <subfield code="a">(OCoLC)ocn233591857</subfield>
    </datafield>
    <datafield tag="035" ind1=" " ind2=" ">
      <subfield code="a">5524554</subfield>
    </datafield>
    <datafield tag="035" ind1=" " ind2=" ">
      <subfield code="a">(OCoLC)233591857</subfield>
    </datafield>
    <datafield tag="035" ind1=" " ind2=" ">
      <subfield code="a">(NjP)5524554-princetondb</subfield>
    </datafield>
    <datafield tag="040" ind1=" " ind2=" ">
      <subfield code="a">DLC</subfield>
      <subfield code="c">DLC</subfield>
      <subfield code="d">YDXCP</subfield>
      <subfield code="d">NjP</subfield>
    </datafield>
    <datafield tag="020" ind1=" " ind2=" ">
      <subfield code="a">9780313346682 (alk. paper)</subfield>
    </datafield>
    <datafield tag="020" ind1=" " ind2=" ">
      <subfield code="a">0313346682 (alk. paper)</subfield>
    </datafield>
    <datafield tag="050" ind1="0" ind2="0">
      <subfield code="a">GV706.5</subfield>
      <subfield code="b">.O88 2008</subfield>
    </datafield>
    <datafield tag="082" ind1="0" ind2="0">
      <subfield code="a">796.01</subfield>
      <subfield code="2">22</subfield>
    </datafield>
    <datafield tag="100" ind1="1" ind2=" ">
      <subfield code="a">Overman, Steven J.</subfield>
      <subfield code="0">http://id.loc.gov/authorities/names/n97037536</subfield>
    </datafield>
    <datafield tag="245" ind1="1" ind2="0">
      <subfield code="a">Living out of bounds :</subfield>
      <subfield code="b">the male athlete's everyday life /</subfield>
      <subfield code="c">Steven J. Overman.</subfield>
    </datafield>
    <datafield tag="260" ind1=" " ind2=" ">
      <subfield code="a">Westport, Conn. :</subfield>
      <subfield code="b">Praeger Publishers,</subfield>
      <subfield code="c">2009.</subfield>
    </datafield>
    <datafield tag="300" ind1=" " ind2=" ">
      <subfield code="a">xxviii, 227 p. ;</subfield>
      <subfield code="c">25 cm.</subfield>
    </datafield>
    <datafield tag="504" ind1=" " ind2=" ">
      <subfield code="a">Includes bibliographical references (p. [185]-213) and index.</subfield>
    </datafield>
    <datafield tag="650" ind1=" " ind2="0">
      <subfield code="a">Sports</subfield>
      <subfield code="x">Sociological aspects.</subfield>
      <subfield code="0">http://id.loc.gov/authorities/subjects/sh89006507</subfield>
    </datafield>
    <datafield tag="650" ind1=" " ind2="0">
      <subfield code="a">Athletes</subfield>
      <subfield code="x">Social life and customs.</subfield>
    </datafield>
    <datafield tag="650" ind1=" " ind2="0">
      <subfield code="a">Athletes.</subfield>
      <subfield code="0">http://id.loc.gov/authorities/subjects/sh85009135</subfield>
    </datafield>
    <datafield tag="852" ind1="0" ind2=" ">
      <subfield code="b">firestone</subfield>
      <subfield code="c">stacks</subfield>
      <subfield code="h">GV706.5</subfield>
      <subfield code="i">.O88 2008</subfield>
      <subfield code="8">22660896700006421</subfield>
    </datafield>
  </record>