
  <record>
    <leader>01368dam a2200385 a 4500</leader>
    <controlfield tag="005">20200925151803.0</controlfield>
    <controlfield tag="008">080813s2007    enk           000 1 eng  </controlfield>
    <controlfield tag="001">9955490733506421</controlfield>
    <datafield tag="010" ind1=" " ind2=" ">
      <subfield code="a">  2008360421</subfield>
    </datafield>
    <datafield tag="035" ind1=" " ind2=" ">
      <subfield code="a">(OCoLC)ocm76852293</subfield>
    </datafield>
    <datafield tag="035" ind1=" " ind2=" ">
      <subfield code="a">(UkOxBHB)L6793326</subfield>
    </datafield>
    <datafield tag="035" ind1=" " ind2=" ">
      <subfield code="a">5549073</subfield>
    </datafield>
    <datafield tag="035" ind1=" " ind2=" ">
      <subfield code="a">(OCoLC)76852293</subfield>
    </datafield>
    <datafield tag="035" ind1=" " ind2=" ">
      <subfield code="a">(NjP)5549073-princetondb</subfield>
    </datafield>
    <datafield tag="040" ind1=" " ind2=" ">
      <subfield code="a">UKM</subfield>
      <subfield code="c">UKM</subfield>
      <subfield code="d">DLC</subfield>
      <subfield code="d">BAKER</subfield>
      <subfield code="d">BTCTA</subfield>
      <subfield code="d">YDXCP</subfield>
      <subfield code="d">ABG</subfield>
    </datafield>
    <datafield tag="015" ind1=" " ind2=" ">
      <subfield code="a">GBA6A0692</subfield>
      <subfield code="2">bnb</subfield>
    </datafield>
    <datafield tag="016" ind1="7" ind2=" ">
      <subfield code="a">013613295</subfield>
      <subfield code="2">Uk</subfield>
    </datafield>
    <datafield tag="020" ind1=" " ind2=" ">
      <subfield code="a">9780955158933 (pbk.)</subfield>
    </datafield>
    <datafield tag="020" ind1=" " ind2=" ">
      <subfield code="a">0955158931 (pbk.)</subfield>
    </datafield>
    <datafield tag="042" ind1=" " ind2=" ">
      <subfield code="a">lccopycat</subfield>
    </datafield>
    <datafield tag="043" ind1=" " ind2=" ">
      <subfield code="a">e-uk-en</subfield>
    </datafield>
    <datafield tag="050" ind1="0" ind2="0">
      <subfield code="a">PR6119.O69</subfield>
      <subfield code="b">B76 2007</subfield>
    </datafield>
    <datafield tag="082" ind1="0" ind2="4">
      <subfield code="a">823.92</subfield>
      <subfield code="2">22</subfield>
    </datafield>
    <datafield tag="100" ind1="1" ind2=" ">
      <subfield code="a">Southey, Roz,</subfield>
      <subfield code="d">1952-</subfield>
      <subfield code="0">http://id.loc.gov/authorities/names/n2005092788</subfield>
    </datafield>
    <datafield tag="245" ind1="1" ind2="0">
      <subfield code="a">Broken harmony /</subfield>
      <subfield code="c">Roz Southey.</subfield>
    </datafield>
    <datafield tag="260" ind1=" " ind2=" ">
      <subfield code="a">Chesterfield :</subfield>
      <subfield code="b">Crème de la Crime ;</subfield>
      <subfield code="a">[Uwchland, PA :</subfield>
      <subfield code="b">U.S. distributor, Dufour Editions]</subfield>
      <subfield code="c">2007.</subfield>
    </datafield>
    <datafield tag="300" ind1=" " ind2=" ">
      <subfield code="a">280 p. ;</subfield>
      <subfield code="c">20 cm.</subfield>
    </datafield>
    <datafield tag="440" ind1=" " ind2="2">
      <subfield code="a">A Crème de la Crime period piece</subfield>
    </datafield>
    <datafield tag="650" ind1=" " ind2="0">
      <subfield code="a">Musicians</subfield>
      <subfield code="z">England</subfield>
      <subfield code="v">Fiction.</subfield>
    </datafield>
    <datafield tag="651" ind1=" " ind2="0">
      <subfield code="a">Newcastle upon Tyne (England)</subfield>
      <subfield code="v">Fiction.</subfield>
    </datafield>
    <datafield tag="651" ind1=" " ind2="0">
      <subfield code="a">Great Britain</subfield>
      <subfield code="x">History</subfield>
      <subfield code="y">George II, 1727-1760</subfield>
      <subfield code="v">Fiction.</subfield>
    </datafield>
    <datafield tag="655" ind1=" " ind2="7">
      <subfield code="a">Fiction.</subfield>
      <subfield code="2">lcgft</subfield>
      <subfield code="0">http://id.loc.gov/authorities/genreForms/gf2014026339</subfield>
    </datafield>
    <datafield tag="655" ind1=" " ind2="7">
      <subfield code="a">Fiction.</subfield>
      <subfield code="2">lcgft</subfield>
      <subfield code="0">http://id.loc.gov/authorities/genreForms/gf2014026339</subfield>
    </datafield>
    <datafield tag="852" ind1="0" ind2=" ">
      <subfield code="b">firestone</subfield>
      <subfield code="c">stacks</subfield>
      <subfield code="h">PR6119.O69</subfield>
      <subfield code="i">B76 2007</subfield>
      <subfield code="8">22736696220006421</subfield>
    </datafield>
  </record>