
  <record>
    <leader>01904dam a2200349 a 4500</leader>
    <controlfield tag="005">20200925152236.0</controlfield>
    <controlfield tag="008">080225s2008    nbuaf    b    001 0 eng  </controlfield>
    <controlfield tag="001">9955552813506421</controlfield>
    <datafield tag="010" ind1=" " ind2=" ">
      <subfield code="a">  2008006869</subfield>
    </datafield>
    <datafield tag="035" ind1=" " ind2=" ">
      <subfield code="a">(OCoLC)ocn212375745</subfield>
    </datafield>
    <datafield tag="035" ind1=" " ind2=" ">
      <subfield code="a">(DLC) 2008006869</subfield>
    </datafield>
    <datafield tag="035" ind1=" " ind2=" ">
      <subfield code="a">5555281</subfield>
    </datafield>
    <datafield tag="035" ind1=" " ind2=" ">
      <subfield code="a">(OCoLC)212375745</subfield>
    </datafield>
    <datafield tag="035" ind1=" " ind2=" ">
      <subfield code="a">(NjP)5555281-princetondb</subfield>
    </datafield>
    <datafield tag="040" ind1=" " ind2=" ">
      <subfield code="a">DLC</subfield>
      <subfield code="c">DLC</subfield>
      <subfield code="d">YDX</subfield>
      <subfield code="d">BAKER</subfield>
      <subfield code="d">BTCTA</subfield>
      <subfield code="d">YDXCP</subfield>
      <subfield code="d">BWX</subfield>
      <subfield code="d">CDX</subfield>
      <subfield code="d">OCLCG</subfield>
      <subfield code="d">IXA</subfield>
    </datafield>
    <datafield tag="020" ind1=" " ind2=" ">
      <subfield code="a">9780803213814 (cloth : alk. paper)</subfield>
    </datafield>
    <datafield tag="020" ind1=" " ind2=" ">
      <subfield code="a">0803213816 (cloth : alk. paper)</subfield>
    </datafield>
    <datafield tag="043" ind1=" " ind2=" ">
      <subfield code="a">a-ja---</subfield>
      <subfield code="a">n-us---</subfield>
    </datafield>
    <datafield tag="050" ind1="0" ind2="0">
      <subfield code="a">GV863.77.A1</subfield>
      <subfield code="b">F584 2008</subfield>
    </datafield>
    <datafield tag="082" ind1="0" ind2="0">
      <subfield code="a">796.357092</subfield>
      <subfield code="a">B</subfield>
      <subfield code="2">22</subfield>
    </datafield>
    <datafield tag="100" ind1="1" ind2=" ">
      <subfield code="a">Fitts, Robert K.,</subfield>
      <subfield code="d">1965-</subfield>
      <subfield code="0">http://id.loc.gov/authorities/names/n98073178</subfield>
    </datafield>
    <datafield tag="245" ind1="1" ind2="0">
      <subfield code="a">Wally Yonamine :</subfield>
      <subfield code="b">the man who changed Japanese baseball /</subfield>
      <subfield code="c">Robert K. Fitts ; foreword by Daniel K. Inouye.</subfield>
    </datafield>
    <datafield tag="260" ind1=" " ind2=" ">
      <subfield code="a">Lincoln :</subfield>
      <subfield code="b">University of Nebraska Press,</subfield>
      <subfield code="c">c2008.</subfield>
    </datafield>
    <datafield tag="300" ind1=" " ind2=" ">
      <subfield code="a">xv, 339 p., [10] p. of plates :</subfield>
      <subfield code="b">ill. ;</subfield>
      <subfield code="c">24 cm.</subfield>
    </datafield>
    <datafield tag="504" ind1=" " ind2=" ">
      <subfield code="a">Includes bibliographical references (p. [323]-332) and index.</subfield>
    </datafield>
    <datafield tag="505" ind1="0" ind2=" ">
      <subfield code="a">"Just a country boy from Olowalu, Maui" -- Football star -- The San Francisco 49ers -- Lucky breaks -- Of Seals and Bees -- A winter of uncertainty -- Debut -- The Jackie Robinson of Japan -- Settling in -- Lessons from Santa Maria -- Gaijin Dageki Oh--foreign batting champion -- World travelers -- Hard labor -- Lucky seven -- Young Giants -- End of an era -- Coach -- Yonamine Kantoku -- Sometimes nice guys do finish first -- Suketto -- Hall of fame.</subfield>
    </datafield>
    <datafield tag="600" ind1="1" ind2="0">
      <subfield code="a">Yonamine, Wally K.,</subfield>
      <subfield code="d">1925-2011.</subfield>
      <subfield code="0">http://id.loc.gov/authorities/names/nr97015110</subfield>
    </datafield>
    <datafield tag="650" ind1=" " ind2="0">
      <subfield code="a">Baseball players</subfield>
      <subfield code="z">Japan</subfield>
      <subfield code="v">Biography.</subfield>
      <subfield code="0">http://id.loc.gov/authorities/subjects/sh2009116825</subfield>
    </datafield>
    <datafield tag="650" ind1=" " ind2="0">
      <subfield code="a">Baseball players</subfield>
      <subfield code="z">United States</subfield>
      <subfield code="v">Biography.</subfield>
      <subfield code="0">http://id.loc.gov/authorities/subjects/sh2007101902</subfield>
    </datafield>
    <datafield tag="650" ind1=" " ind2="0">
      <subfield code="a">Baseball</subfield>
      <subfield code="z">Japan.</subfield>
    </datafield>
    <datafield tag="852" ind1="0" ind2=" ">
      <subfield code="b">firestone</subfield>
      <subfield code="c">stacks</subfield>
      <subfield code="h">GV863.77.A1</subfield>
      <subfield code="i">F584 2008</subfield>
      <subfield code="8">22574645960006421</subfield>
    </datafield>
  </record>