
  <record>
    <leader>01062dam a2200289 a 4500</leader>
    <controlfield tag="005">20200925152641.0</controlfield>
    <controlfield tag="008">080827s2008    ie a     b    000 j eng c</controlfield>
    <controlfield tag="001">9955593033506421</controlfield>
    <datafield tag="035" ind1=" " ind2=" ">
      <subfield code="a">(UkOxBHB)L2793880</subfield>
    </datafield>
    <datafield tag="035" ind1=" " ind2=" ">
      <subfield code="a">5559303</subfield>
    </datafield>
    <datafield tag="035" ind1=" " ind2=" ">
      <subfield code="a">(OCoLC)ocn223857155</subfield>
      <subfield code="z">(OCoLC)ocn256497517</subfield>
      <subfield code="z">(OCoLC)on1064529447</subfield>
    </datafield>
    <datafield tag="035" ind1=" " ind2=" ">
      <subfield code="a">(NjP)5559303-princetondb</subfield>
    </datafield>
    <datafield tag="035" ind1=" " ind2=" ">
      <subfield code="z">(OCoLC)256497517</subfield>
      <subfield code="z">(OCoLC)1064529447</subfield>
    </datafield>
    <datafield tag="040" ind1=" " ind2=" ">
      <subfield code="a">ZCU</subfield>
      <subfield code="c">ZCU</subfield>
    </datafield>
    <datafield tag="020" ind1=" " ind2=" ">
      <subfield code="a">9781856355780</subfield>
    </datafield>
    <datafield tag="020" ind1=" " ind2=" ">
      <subfield code="a">1856355780</subfield>
    </datafield>
    <datafield tag="042" ind1=" " ind2=" ">
      <subfield code="a">pcc</subfield>
    </datafield>
    <datafield tag="050" ind1=" " ind2="4">
      <subfield code="a">PR6119.H84</subfield>
      <subfield code="b">B54 2008</subfield>
    </datafield>
    <datafield tag="019" ind1=" " ind2=" ">
      <subfield code="a">256497517</subfield>
      <subfield code="a">1064529447</subfield>
    </datafield>
    <datafield tag="100" ind1="1" ind2=" ">
      <subfield code="a">Showers, Brian J.</subfield>
      <subfield code="0">http://id.loc.gov/authorities/names/no2007145891</subfield>
    </datafield>
    <datafield tag="245" ind1="1" ind2="4">
      <subfield code="a">The bleeding horse and other ghost stories /</subfield>
      <subfield code="c">Brian J. Showers ; illustrated by Duane Spurlock.</subfield>
    </datafield>
    <datafield tag="260" ind1=" " ind2=" ">
      <subfield code="a">Cork :</subfield>
      <subfield code="b">Mercier Press,</subfield>
      <subfield code="c">c2008.</subfield>
    </datafield>
    <datafield tag="300" ind1=" " ind2=" ">
      <subfield code="a">154 p. :</subfield>
      <subfield code="b">ill. ;</subfield>
      <subfield code="c">21 cm.</subfield>
    </datafield>
    <datafield tag="504" ind1=" " ind2=" ">
      <subfield code="a">Includes bibliographical references.</subfield>
    </datafield>
    <datafield tag="655" ind1=" " ind2="7">
      <subfield code="a">Short stories.</subfield>
      <subfield code="2">lcgft</subfield>
      <subfield code="0">http://id.loc.gov/authorities/genreForms/gf2014026542</subfield>
    </datafield>
    <datafield tag="700" ind1="1" ind2=" ">
      <subfield code="a">Spurlock, Duane.</subfield>
      <subfield code="0">http://id.loc.gov/authorities/names/no2007145892</subfield>
    </datafield>
    <datafield tag="852" ind1="0" ind2=" ">
      <subfield code="b">firestone</subfield>
      <subfield code="c">stacks</subfield>
      <subfield code="h">PR6119.H84</subfield>
      <subfield code="i">B54 2008</subfield>
      <subfield code="8">22663061740006421</subfield>
    </datafield>
  </record>