
  <record>
    <leader>06299dta a2200481Ia 4500</leader>
    <controlfield tag="005">20220325154058.0</controlfield>
    <controlfield tag="008">080911q17001799xx            000 0 ara d</controlfield>
    <controlfield tag="001">9955713433506421</controlfield>
    <datafield tag="035" ind1=" " ind2=" ">
      <subfield code="a">(NjP)5571343-princetondb</subfield>
    </datafield>
    <datafield tag="035" ind1=" " ind2=" ">
      <subfield code="a">(OCoLC)248081454</subfield>
    </datafield>
    <datafield tag="035" ind1=" " ind2=" ">
      <subfield code="a">(OCoLC)ocn248081454</subfield>
    </datafield>
    <datafield tag="035" ind1=" " ind2=" ">
      <subfield code="a">5571343</subfield>
    </datafield>
    <datafield tag="040" ind1=" " ind2=" ">
      <subfield code="a">PUL</subfield>
      <subfield code="c">PUL</subfield>
      <subfield code="e">amremm</subfield>
    </datafield>
    <datafield tag="043" ind1=" " ind2=" ">
      <subfield code="a">n-us-nj</subfield>
    </datafield>
    <datafield tag="049" ind1=" " ind2=" ">
      <subfield code="a">PULL</subfield>
    </datafield>
    <datafield tag="066" ind1=" " ind2=" ">
      <subfield code="c">(3</subfield>
    </datafield>
    <datafield tag="100" ind1="0" ind2=" ">
      <subfield code="6">880-01</subfield>
      <subfield code="a">Jāmī,</subfield>
      <subfield code="d">1414-1492.</subfield>
      <subfield code="0">http://id.loc.gov/authorities/names/n79068673</subfield>
    </datafield>
    <datafield tag="880" ind1="1" ind2=" ">
      <subfield code="6">100-01/(3/r</subfield>
      <subfield code="a">جامي</subfield>
    </datafield>
    <datafield tag="240" ind1="1" ind2="0">
      <subfield code="6">880-02</subfield>
      <subfield code="a">Kalimat al-tawḥīd</subfield>
    </datafield>
    <datafield tag="880" ind1="1" ind2="0">
      <subfield code="6">240-02/(3/r</subfield>
      <subfield code="a">كلمة التوحيد</subfield>
    </datafield>
    <datafield tag="245" ind1="1" ind2="0">
      <subfield code="6">880-03</subfield>
      <subfield code="a">Risālah fī kalimat al-tawḥīd /</subfield>
      <subfield code="c">li-mawlānā ʻAbd al-Raḥmān al-Jāmī.</subfield>
    </datafield>
    <datafield tag="880" ind1="1" ind2="0">
      <subfield code="6">245-03/(3/r</subfield>
      <subfield code="a">رسالة في كلمة التوحيد /</subfield>
      <subfield code="c">لمولانا عبد الرحمن الجامي</subfield>
    </datafield>
    <datafield tag="260" ind1=" " ind2=" ">
      <subfield code="c">[17--?]</subfield>
    </datafield>
    <datafield tag="500" ind1=" " ind2=" ">
      <subfield code="a">Ms. component part.</subfield>
    </datafield>
    <datafield tag="500" ind1=" " ind2=" ">
      <subfield code="a">The text is followed on fol. 195a-b by short excerpts from al-Taʻrīfāt by (or amongst the definitions of) Abū al-Baqāʼ [Ayyūb ibn Mūsá al-Ḥusaynī] al-Kaffawī (d. 1094 H.) and from the Nihāyat al-ʻuqūl by Fakhr al-Dīn al-Rāzī.</subfield>
    </datafield>
    <datafield tag="500" ind1=" " ind2=" ">
      <subfield code="a">Title from beginning of text (fol. 192b).</subfield>
    </datafield>
    <datafield tag="510" ind1="4" ind2=" ">
      <subfield code="a">Brockelmann, C. GAL,</subfield>
      <subfield code="c">II, 207 (7/9)</subfield>
    </datafield>
    <datafield tag="510" ind1="4" ind2=" ">
      <subfield code="a">Mach, R. Yahuda,</subfield>
      <subfield code="c">2370</subfield>
    </datafield>
    <datafield tag="520" ind1="8" ind2=" ">
      <subfield code="a">Short treatise on the unicity of God, being a commentary of "lā ilāha illā Allāh". This copy does not contain the preamble (see beginning of text: "wa-qad asqaṭnā ʻanhā al-dībājah").</subfield>
    </datafield>
    <datafield tag="600" ind1="1" ind2="0">
      <subfield code="6">880-04</subfield>
      <subfield code="a">Kaffawī, Ayyūb ibn Mūsá,</subfield>
      <subfield code="d">1618 or 1619-1682 or 1683.</subfield>
      <subfield code="0">http://id.loc.gov/authorities/names/nr91031097</subfield>
    </datafield>
    <datafield tag="880" ind1="1" ind2="4">
      <subfield code="6">600-04/(3/r</subfield>
      <subfield code="a">كفوي، ايوب بن موسى</subfield>
    </datafield>
    <datafield tag="600" ind1="1" ind2="0">
      <subfield code="6">880-05</subfield>
      <subfield code="a">Rāzī, Fakhr al-Dīn Muḥammad ibn ʻUmar,</subfield>
      <subfield code="d">1149 or 1150-1210.</subfield>
      <subfield code="t">Nihāyat al-ʻuqūl fī dirāyat al-uṣūl.</subfield>
      <subfield code="k">Selections.</subfield>
      <subfield code="l">Persian</subfield>
      <subfield code="0">http://id.loc.gov/authorities/names/n2016031027</subfield>
    </datafield>
    <datafield tag="880" ind1="1" ind2="4">
      <subfield code="6">600-05/(3/r</subfield>
      <subfield code="a">رازي، فخر الدين محمد بن عمر.</subfield>
      <subfield code="t">نهاية العقول</subfield>
    </datafield>
    <datafield tag="650" ind1=" " ind2="0">
      <subfield code="a">God (Islam)</subfield>
      <subfield code="x">History of doctrines</subfield>
      <subfield code="y">15th century</subfield>
      <subfield code="v">Sources.</subfield>
    </datafield>
    <datafield tag="650" ind1=" " ind2="0">
      <subfield code="a">Islam</subfield>
      <subfield code="x">Doctrines</subfield>
      <subfield code="x">History</subfield>
      <subfield code="y">15th century</subfield>
      <subfield code="v">Sources.</subfield>
    </datafield>
    <datafield tag="650" ind1=" " ind2="0">
      <subfield code="a">Manuscripts, Arabic</subfield>
      <subfield code="z">New Jersey</subfield>
      <subfield code="z">Princeton.</subfield>
    </datafield>
    <datafield tag="773" ind1="0" ind2=" ">
      <subfield code="7">nntm</subfield>
      <subfield code="t">Risālah fī al-ghayb. Risālah fī al-tafsīr wa-mā Muḥammad illā rasūl ... etc.,</subfield>
      <subfield code="g">fol. 192b-195a.</subfield>
      <subfield code="w">9955713423506421</subfield>
    </datafield>
    <datafield tag="880" ind1=" " ind2=" ">
      <subfield code="6">500-00/(3/r</subfield>
      <subfield code="a">Caption (overlined in red): رسالة فى كلمة التوحيد لمولانا ... وقد اسقطنا عنها الديباجة تقليلاً للسّواد وتعويلاً على ما هو المقصود والمراد</subfield>
    </datafield>
    <datafield tag="880" ind1=" " ind2=" ">
      <subfield code="6">500-00/(3/r</subfield>
      <subfield code="a">Explicit: فيجب ان يكون اله بمعنى المعبود بحقّ والله علماً للفرد الموجود منه هذا ما اردت تنميقه واستخرجت عن قريحتى تدقيقه تمت الرسالة المنسوبة الى مولي الجامى رحمه الله</subfield>
    </datafield>
    <datafield tag="880" ind1=" " ind2=" ">
      <subfield code="6">500-00/(3/r</subfield>
      <subfield code="a">Incipit: اعلم ان لا اله الّا الله كلمة توحيد اجماعا باتّفاق المسلمين ولكن اختلفوا فى تعليله على ما يقتضيه القواعد النحوية</subfield>
    </datafield>
    <datafield tag="852" ind1="8" ind2=" ">
      <subfield code="b">rare</subfield>
      <subfield code="c">hsvm</subfield>
      <subfield code="h">Islamic Manuscripts, Garrett no. 832Y</subfield>
    </datafield>
    <datafield tag="856" ind1="4" ind2="1">
      <subfield code="u">http://arks.princeton.edu/ark:/88435/cj82k735v</subfield>
    </datafield>
    <datafield tag="852" ind1="8" ind2=" ">
      <subfield code="b">rare</subfield>
      <subfield code="c">hsvm</subfield>
      <subfield code="h">Islamic Manuscripts, Garrett no. 832Y</subfield>
      <subfield code="8">22702510030006421</subfield>
    </datafield>
  </record>