
  <record>
    <leader>01198dam a2200301 a 4500</leader>
    <controlfield tag="005">20200925153959.0</controlfield>
    <controlfield tag="008">070607s2008    gw abc   b    000 0 eng  </controlfield>
    <controlfield tag="001">9955722633506421</controlfield>
    <datafield tag="035" ind1=" " ind2=" ">
      <subfield code="a">5572263</subfield>
    </datafield>
    <datafield tag="035" ind1=" " ind2=" ">
      <subfield code="a">(OCoLC)ocn248963161</subfield>
    </datafield>
    <datafield tag="035" ind1=" " ind2=" ">
      <subfield code="a">(NjP)5572263-princetondb</subfield>
    </datafield>
    <datafield tag="040" ind1=" " ind2=" ">
      <subfield code="a">UKM</subfield>
      <subfield code="c">UKM</subfield>
      <subfield code="d">UBY</subfield>
      <subfield code="d">NjP</subfield>
    </datafield>
    <datafield tag="020" ind1=" " ind2=" ">
      <subfield code="a">9781841262284</subfield>
    </datafield>
    <datafield tag="020" ind1=" " ind2=" ">
      <subfield code="a">1841262285</subfield>
    </datafield>
    <datafield tag="042" ind1=" " ind2=" ">
      <subfield code="a">ukblcatcopy</subfield>
    </datafield>
    <datafield tag="050" ind1=" " ind2="4">
      <subfield code="a">GV706.35</subfield>
      <subfield code="b">.G566 2008</subfield>
    </datafield>
    <datafield tag="082" ind1="0" ind2="4">
      <subfield code="a">796</subfield>
      <subfield code="2">22</subfield>
    </datafield>
    <datafield tag="245" ind1="0" ind2="4">
      <subfield code="a">The global sporting arms race:</subfield>
      <subfield code="b">an international comparative study on sport policy factors leading to international sporting success /</subfield>
      <subfield code="c">Veerle de Bosscher ...[et al.].</subfield>
    </datafield>
    <datafield tag="260" ind1=" " ind2=" ">
      <subfield code="a">Aachen :</subfield>
      <subfield code="b">Meyer &amp; Meyer Sport,</subfield>
      <subfield code="c">2008.</subfield>
    </datafield>
    <datafield tag="300" ind1=" " ind2=" ">
      <subfield code="a">173 p. :</subfield>
      <subfield code="b">col. ill., 1 col. map, col. ports. ;</subfield>
      <subfield code="c">24 cm.</subfield>
    </datafield>
    <datafield tag="504" ind1=" " ind2=" ">
      <subfield code="a">Includes bibliographical references.</subfield>
    </datafield>
    <datafield tag="650" ind1=" " ind2="0">
      <subfield code="a">Sports and state.</subfield>
      <subfield code="0">http://id.loc.gov/authorities/subjects/sh85126912</subfield>
    </datafield>
    <datafield tag="650" ind1=" " ind2="0">
      <subfield code="a">Sports tournaments</subfield>
      <subfield code="x">Political aspects.</subfield>
    </datafield>
    <datafield tag="650" ind1=" " ind2="0">
      <subfield code="a">Sports</subfield>
      <subfield code="x">Political aspects.</subfield>
    </datafield>
    <datafield tag="650" ind1=" " ind2="0">
      <subfield code="a">Sports administration.</subfield>
      <subfield code="0">http://id.loc.gov/authorities/subjects/sh85126896</subfield>
    </datafield>
    <datafield tag="700" ind1="1" ind2=" ">
      <subfield code="a">Bosscher, Veerle de.</subfield>
      <subfield code="0">http://id.loc.gov/authorities/names/nb2008018922</subfield>
    </datafield>
    <datafield tag="852" ind1="0" ind2=" ">
      <subfield code="b">firestone</subfield>
      <subfield code="c">stacks</subfield>
      <subfield code="h">GV706.35</subfield>
      <subfield code="i">.G566 2008</subfield>
      <subfield code="8">22502423800006421</subfield>
    </datafield>
  </record>