
  <record>
    <leader>01463dam a22004094a 4500</leader>
    <controlfield tag="005">20200925170202.0</controlfield>
    <controlfield tag="008">080206s2008    nyu           000 1 eng  </controlfield>
    <controlfield tag="001">9955819633506421</controlfield>
    <datafield tag="010" ind1=" " ind2=" ">
      <subfield code="a">  2008005455</subfield>
    </datafield>
    <datafield tag="020" ind1=" " ind2=" ">
      <subfield code="a">9781596915558</subfield>
    </datafield>
    <datafield tag="020" ind1=" " ind2=" ">
      <subfield code="a">1596915552</subfield>
    </datafield>
    <datafield tag="020" ind1=" " ind2=" ">
      <subfield code="a">9780747591757 (hbk.)</subfield>
    </datafield>
    <datafield tag="020" ind1=" " ind2=" ">
      <subfield code="a">074759175X (hbk.)</subfield>
    </datafield>
    <datafield tag="035" ind1=" " ind2=" ">
      <subfield code="a">(OCoLC)OCN192045616</subfield>
    </datafield>
    <datafield tag="035" ind1=" " ind2=" ">
      <subfield code="a">5581963</subfield>
    </datafield>
    <datafield tag="035" ind1=" " ind2=" ">
      <subfield code="a">(OCoLC)192045616</subfield>
    </datafield>
    <datafield tag="035" ind1=" " ind2=" ">
      <subfield code="a">(NjP)5581963-princetondb</subfield>
    </datafield>
    <datafield tag="040" ind1=" " ind2=" ">
      <subfield code="a">DLC</subfield>
      <subfield code="c">DLC</subfield>
      <subfield code="d">BAKER</subfield>
      <subfield code="d">BTCTA</subfield>
      <subfield code="d">YDXCP</subfield>
      <subfield code="d">YUS</subfield>
      <subfield code="d">C#P</subfield>
    </datafield>
    <datafield tag="015" ind1=" " ind2=" ">
      <subfield code="a">GBA801903</subfield>
      <subfield code="2">bnb</subfield>
    </datafield>
    <datafield tag="029" ind1="1" ind2=" ">
      <subfield code="a">NLGGC</subfield>
      <subfield code="b">30972516X</subfield>
    </datafield>
    <datafield tag="029" ind1="1" ind2=" ">
      <subfield code="a">NLGGC</subfield>
      <subfield code="b">309533015</subfield>
    </datafield>
    <datafield tag="050" ind1="0" ind2="0">
      <subfield code="a">PR6069.E3654</subfield>
      <subfield code="b">B88 2008</subfield>
    </datafield>
    <datafield tag="082" ind1="0" ind2="0">
      <subfield code="a">823/.914</subfield>
      <subfield code="2">22</subfield>
    </datafield>
    <datafield tag="100" ind1="1" ind2=" ">
      <subfield code="a">Self, Will.</subfield>
      <subfield code="0">http://id.loc.gov/authorities/names/n93012974</subfield>
    </datafield>
    <datafield tag="245" ind1="1" ind2="4">
      <subfield code="a">The butt :</subfield>
      <subfield code="b">an exit strategy /</subfield>
      <subfield code="c">Will Self.</subfield>
    </datafield>
    <datafield tag="250" ind1=" " ind2=" ">
      <subfield code="a">1st U.S. ed.</subfield>
    </datafield>
    <datafield tag="260" ind1=" " ind2=" ">
      <subfield code="a">New York, NY :</subfield>
      <subfield code="b">Bloomsbury,</subfield>
      <subfield code="c">2008.</subfield>
    </datafield>
    <datafield tag="300" ind1=" " ind2=" ">
      <subfield code="a">355 p. ;</subfield>
      <subfield code="c">22 cm.</subfield>
    </datafield>
    <datafield tag="650" ind1=" " ind2="0">
      <subfield code="a">Cigarette smokers</subfield>
      <subfield code="v">Fiction.</subfield>
    </datafield>
    <datafield tag="650" ind1=" " ind2="0">
      <subfield code="a">Tobacco use</subfield>
      <subfield code="v">Fiction.</subfield>
    </datafield>
    <datafield tag="650" ind1=" " ind2="0">
      <subfield code="a">Smoking</subfield>
      <subfield code="v">Fiction.</subfield>
    </datafield>
    <datafield tag="655" ind1=" " ind2="0">
      <subfield code="a">Satire.</subfield>
    </datafield>
    <datafield tag="655" ind1=" " ind2="7">
      <subfield code="a">Fiction.</subfield>
      <subfield code="2">lcgft</subfield>
      <subfield code="0">http://id.loc.gov/authorities/genreForms/gf2014026339</subfield>
    </datafield>
    <datafield tag="655" ind1=" " ind2="7">
      <subfield code="a">Fiction.</subfield>
      <subfield code="2">lcgft</subfield>
      <subfield code="0">http://id.loc.gov/authorities/genreForms/gf2014026339</subfield>
    </datafield>
    <datafield tag="856" ind1="4" ind2="2">
      <subfield code="3">Contributor biographical information</subfield>
      <subfield code="u">http://www.loc.gov/catdir/enhancements/fy0834/2008005455-b.html</subfield>
    </datafield>
    <datafield tag="856" ind1="4" ind2="2">
      <subfield code="3">Publisher description</subfield>
      <subfield code="u">http://www.loc.gov/catdir/enhancements/fy0834/2008005455-d.html</subfield>
    </datafield>
    <datafield tag="852" ind1="0" ind2=" ">
      <subfield code="b">firestone</subfield>
      <subfield code="c">stacks</subfield>
      <subfield code="h">PR6069.E3654</subfield>
      <subfield code="i">B88 2008</subfield>
      <subfield code="8">22614076300006421</subfield>
    </datafield>
  </record>