
  <record>
    <leader>01742dam a22003494a 4500</leader>
    <controlfield tag="005">20200925170550.0</controlfield>
    <controlfield tag="008">080521s2008    mauaf         001 0ceng  </controlfield>
    <controlfield tag="001">9955846163506421</controlfield>
    <datafield tag="010" ind1=" " ind2=" ">
      <subfield code="a">  2008022613</subfield>
    </datafield>
    <datafield tag="020" ind1=" " ind2=" ">
      <subfield code="a">9781579401580</subfield>
    </datafield>
    <datafield tag="020" ind1=" " ind2=" ">
      <subfield code="a">1579401589</subfield>
    </datafield>
    <datafield tag="035" ind1=" " ind2=" ">
      <subfield code="a">(OCoLC)OCN230729664</subfield>
    </datafield>
    <datafield tag="035" ind1=" " ind2=" ">
      <subfield code="a">5584616</subfield>
    </datafield>
    <datafield tag="035" ind1=" " ind2=" ">
      <subfield code="a">(OCoLC)230729664</subfield>
    </datafield>
    <datafield tag="035" ind1=" " ind2=" ">
      <subfield code="a">(NjP)5584616-princetondb</subfield>
    </datafield>
    <datafield tag="040" ind1=" " ind2=" ">
      <subfield code="a">DLC</subfield>
      <subfield code="c">DLC</subfield>
      <subfield code="d">BTCTA</subfield>
      <subfield code="d">OCLCG</subfield>
      <subfield code="d">C#P</subfield>
    </datafield>
    <datafield tag="043" ind1=" " ind2=" ">
      <subfield code="a">n-us---</subfield>
    </datafield>
    <datafield tag="050" ind1="0" ind2="0">
      <subfield code="a">GV742.4</subfield>
      <subfield code="b">.B35 2008</subfield>
    </datafield>
    <datafield tag="082" ind1="0" ind2="0">
      <subfield code="a">070.4/49796092</subfield>
      <subfield code="a">B</subfield>
      <subfield code="2">22</subfield>
    </datafield>
    <datafield tag="100" ind1="1" ind2=" ">
      <subfield code="a">Baker, Jim,</subfield>
      <subfield code="d">1941-</subfield>
      <subfield code="0">http://id.loc.gov/authorities/names/n50026654</subfield>
    </datafield>
    <datafield tag="245" ind1="1" ind2="2">
      <subfield code="a">A view from the booth :</subfield>
      <subfield code="b">Gil Santos and Gino Cappelletti : 25 years of broadcasting the New England Patriots /</subfield>
      <subfield code="c">Jim Baker and Chuck Burgess.</subfield>
    </datafield>
    <datafield tag="250" ind1=" " ind2=" ">
      <subfield code="a">1st ed.</subfield>
    </datafield>
    <datafield tag="260" ind1=" " ind2=" ">
      <subfield code="a">Burlington, MA :</subfield>
      <subfield code="b">Rounder Books,</subfield>
      <subfield code="c">[2008?]</subfield>
    </datafield>
    <datafield tag="300" ind1=" " ind2=" ">
      <subfield code="a">x, 195 p., [8] p. of plates :</subfield>
      <subfield code="b">ill. (some col.) ;</subfield>
      <subfield code="c">23 cm.</subfield>
    </datafield>
    <datafield tag="500" ind1=" " ind2=" ">
      <subfield code="a">Includes index.</subfield>
    </datafield>
    <datafield tag="505" ind1="0" ind2=" ">
      <subfield code="a">Turn down the TV, turn up the radio -- Gil, growing up American -- Gino, another American dream -- Partners -- The Kraft renaissance -- Musings -- The early games -- Inside the booth -- Indianapolis showdown -- On the road again -- Six more to perfection -- The playoffs -- A one-game season -- Sign off.</subfield>
    </datafield>
    <datafield tag="600" ind1="1" ind2="0">
      <subfield code="a">Santos, Gil.</subfield>
      <subfield code="0">http://id.loc.gov/authorities/names/n2008035861</subfield>
    </datafield>
    <datafield tag="600" ind1="1" ind2="0">
      <subfield code="a">Cappelletti, Gino,</subfield>
      <subfield code="d">1934-</subfield>
      <subfield code="0">http://id.loc.gov/authorities/names/n2008035864</subfield>
    </datafield>
    <datafield tag="650" ind1=" " ind2="0">
      <subfield code="a">Sportscasters</subfield>
      <subfield code="z">United States</subfield>
      <subfield code="v">Biography.</subfield>
      <subfield code="0">http://id.loc.gov/authorities/subjects/sh2008112212</subfield>
    </datafield>
    <datafield tag="610" ind1="2" ind2="0">
      <subfield code="a">New England Patriots (Football team)</subfield>
      <subfield code="0">http://id.loc.gov/authorities/names/n82010743</subfield>
    </datafield>
    <datafield tag="700" ind1="1" ind2=" ">
      <subfield code="a">Burgess, Charles D.</subfield>
      <subfield code="0">http://id.loc.gov/authorities/names/n2005039131</subfield>
    </datafield>
    <datafield tag="852" ind1="0" ind2=" ">
      <subfield code="b">firestone</subfield>
      <subfield code="c">stacks</subfield>
      <subfield code="h">GV742.4</subfield>
      <subfield code="i">.B35 2008</subfield>
      <subfield code="8">22656638810006421</subfield>
    </datafield>
  </record>