
  <record>
    <leader>00780dam a22002418a 4500</leader>
    <controlfield tag="005">20200925171625.0</controlfield>
    <controlfield tag="008">080501s2008    onc           000 f eng  </controlfield>
    <controlfield tag="001">9955927043506421</controlfield>
    <datafield tag="035" ind1=" " ind2=" ">
      <subfield code="a">(OCoLC)ocn227508828</subfield>
    </datafield>
    <datafield tag="035" ind1=" " ind2=" ">
      <subfield code="a">5592704</subfield>
    </datafield>
    <datafield tag="035" ind1=" " ind2=" ">
      <subfield code="a">(OCoLC)227508828</subfield>
    </datafield>
    <datafield tag="035" ind1=" " ind2=" ">
      <subfield code="a">(NjP)5592704-princetondb</subfield>
    </datafield>
    <datafield tag="040" ind1=" " ind2=" ">
      <subfield code="a">NLC</subfield>
      <subfield code="b">eng</subfield>
      <subfield code="c">NLC</subfield>
      <subfield code="d">VP@</subfield>
      <subfield code="d">CDX</subfield>
      <subfield code="d">NjP</subfield>
    </datafield>
    <datafield tag="016" ind1=" " ind2=" ">
      <subfield code="a">20089027515</subfield>
    </datafield>
    <datafield tag="020" ind1=" " ind2=" ">
      <subfield code="a">9780670911479</subfield>
    </datafield>
    <datafield tag="020" ind1=" " ind2=" ">
      <subfield code="a">067091147X</subfield>
    </datafield>
    <datafield tag="050" ind1=" " ind2="4">
      <subfield code="a">PR9199.4.H46</subfield>
      <subfield code="b">M35 2008</subfield>
    </datafield>
    <datafield tag="100" ind1="1" ind2=" ">
      <subfield code="a">Henderson, Lee,</subfield>
      <subfield code="d">1974-</subfield>
      <subfield code="0">http://id.loc.gov/authorities/names/n2002046340</subfield>
    </datafield>
    <datafield tag="245" ind1="1" ind2="4">
      <subfield code="a">The man game /</subfield>
      <subfield code="c">Lee Henderson.</subfield>
    </datafield>
    <datafield tag="260" ind1=" " ind2=" ">
      <subfield code="a">Toronto :</subfield>
      <subfield code="b">Viking Canada,</subfield>
      <subfield code="c">2008.</subfield>
    </datafield>
    <datafield tag="300" ind1=" " ind2=" ">
      <subfield code="a">x, 513 p. ;</subfield>
      <subfield code="c">25 cm.</subfield>
    </datafield>
    <datafield tag="655" ind1=" " ind2="7">
      <subfield code="a">Novels.</subfield>
      <subfield code="2">lcgft</subfield>
      <subfield code="0">http://id.loc.gov/authorities/genreForms/gf2015026020</subfield>
    </datafield>
    <datafield tag="852" ind1="0" ind2=" ">
      <subfield code="b">firestone</subfield>
      <subfield code="c">stacks</subfield>
      <subfield code="h">PR9199.4.H46</subfield>
      <subfield code="i">M35 2008</subfield>
      <subfield code="8">22673839560006421</subfield>
    </datafield>
  </record>