
  <record>
    <leader>00797dam a2200241 a 4500</leader>
    <controlfield tag="005">20200925171901.0</controlfield>
    <controlfield tag="008">070829s2008    onc           000 f eng  </controlfield>
    <controlfield tag="001">9955944063506421</controlfield>
    <datafield tag="035" ind1=" " ind2=" ">
      <subfield code="a">(OCoLC)ocn170166936</subfield>
    </datafield>
    <datafield tag="035" ind1=" " ind2=" ">
      <subfield code="a">5594406</subfield>
    </datafield>
    <datafield tag="035" ind1=" " ind2=" ">
      <subfield code="a">(OCoLC)170166936</subfield>
    </datafield>
    <datafield tag="035" ind1=" " ind2=" ">
      <subfield code="a">(NjP)5594406-princetondb</subfield>
    </datafield>
    <datafield tag="040" ind1=" " ind2=" ">
      <subfield code="a">NLC</subfield>
      <subfield code="b">eng</subfield>
      <subfield code="c">NLC</subfield>
      <subfield code="d">BTCTA</subfield>
      <subfield code="d">BAKER</subfield>
      <subfield code="d">YDXCP</subfield>
      <subfield code="d">CDX</subfield>
      <subfield code="d">NjP</subfield>
    </datafield>
    <datafield tag="016" ind1=" " ind2=" ">
      <subfield code="a">20079054889</subfield>
    </datafield>
    <datafield tag="020" ind1=" " ind2=" ">
      <subfield code="a">9781552638170</subfield>
    </datafield>
    <datafield tag="020" ind1=" " ind2=" ">
      <subfield code="a">1552638170</subfield>
    </datafield>
    <datafield tag="050" ind1=" " ind2="4">
      <subfield code="a">PR9199.4.M42433</subfield>
      <subfield code="b">C38 2008</subfield>
    </datafield>
    <datafield tag="100" ind1="1" ind2=" ">
      <subfield code="a">McCormack, Louisa.</subfield>
      <subfield code="0">http://id.loc.gov/authorities/names/no2006080381</subfield>
    </datafield>
    <datafield tag="245" ind1="1" ind2="4">
      <subfield code="a">The catch /</subfield>
      <subfield code="c">Louisa McCormack.</subfield>
    </datafield>
    <datafield tag="260" ind1=" " ind2=" ">
      <subfield code="a">Toronto :</subfield>
      <subfield code="b">Key Porter Books,</subfield>
      <subfield code="c">c2008.</subfield>
    </datafield>
    <datafield tag="300" ind1=" " ind2=" ">
      <subfield code="a">336 p. ;</subfield>
      <subfield code="c">23 cm.</subfield>
    </datafield>
    <datafield tag="655" ind1=" " ind2="7">
      <subfield code="a">Novels.</subfield>
      <subfield code="2">lcgft</subfield>
      <subfield code="0">http://id.loc.gov/authorities/genreForms/gf2015026020</subfield>
    </datafield>
    <datafield tag="852" ind1="0" ind2=" ">
      <subfield code="b">firestone</subfield>
      <subfield code="c">stacks</subfield>
      <subfield code="h">PR9199.4.M42433</subfield>
      <subfield code="i">C38 2008</subfield>
      <subfield code="8">22614548190006421</subfield>
    </datafield>
  </record>