
  <record>
    <leader>01388dam a2200325 a 4500</leader>
    <controlfield tag="005">20200925192347.0</controlfield>
    <controlfield tag="008">061030s2006    sa       b   f100 0 eng c</controlfield>
    <controlfield tag="001">9956206143506421</controlfield>
    <datafield tag="035" ind1=" " ind2=" ">
      <subfield code="a">(OCoLC)ocm74651591</subfield>
    </datafield>
    <datafield tag="035" ind1=" " ind2=" ">
      <subfield code="a">5620614</subfield>
    </datafield>
    <datafield tag="035" ind1=" " ind2=" ">
      <subfield code="a">(OCoLC)74651591</subfield>
    </datafield>
    <datafield tag="035" ind1=" " ind2=" ">
      <subfield code="a">(NjP)5620614-princetondb</subfield>
    </datafield>
    <datafield tag="040" ind1=" " ind2=" ">
      <subfield code="a">YUS</subfield>
      <subfield code="c">YUS</subfield>
      <subfield code="d">OCLCG</subfield>
    </datafield>
    <datafield tag="020" ind1=" " ind2=" ">
      <subfield code="a">0620361662</subfield>
    </datafield>
    <datafield tag="020" ind1=" " ind2=" ">
      <subfield code="a">9780620361668</subfield>
    </datafield>
    <datafield tag="042" ind1=" " ind2=" ">
      <subfield code="a">pcc</subfield>
    </datafield>
    <datafield tag="043" ind1=" " ind2=" ">
      <subfield code="a">f-sa---</subfield>
    </datafield>
    <datafield tag="050" ind1=" " ind2="4">
      <subfield code="a">GV706.35</subfield>
      <subfield code="b">.S583 2006</subfield>
    </datafield>
    <datafield tag="082" ind1="0" ind2="4">
      <subfield code="a">796.0968</subfield>
      <subfield code="2">22</subfield>
    </datafield>
    <datafield tag="245" ind1="0" ind2="0">
      <subfield code="a">Sport and liberation in South Africa :</subfield>
      <subfield code="b">reflections and suggestions /</subfield>
      <subfield code="c">editor, Cornelius Thomas.</subfield>
    </datafield>
    <datafield tag="260" ind1=" " ind2=" ">
      <subfield code="a">Alice, Republic of South Africa :</subfield>
      <subfield code="b">National Heritage and Cultural Studies Centre, University of Fort Hare ;</subfield>
      <subfield code="a">Pretoria, Republic of South Africa :</subfield>
      <subfield code="b">Dept. of Sport and Recreation,</subfield>
      <subfield code="c">2006.</subfield>
    </datafield>
    <datafield tag="300" ind1=" " ind2=" ">
      <subfield code="a">177 p. ;</subfield>
      <subfield code="c">23 cm.</subfield>
    </datafield>
    <datafield tag="500" ind1=" " ind2=" ">
      <subfield code="a">Papers from a conference held in East London, Oct. 14-16, 2005.</subfield>
    </datafield>
    <datafield tag="504" ind1=" " ind2=" ">
      <subfield code="a">Includes bibliographical references.</subfield>
    </datafield>
    <datafield tag="650" ind1=" " ind2="0">
      <subfield code="a">Sports and state</subfield>
      <subfield code="z">South Africa</subfield>
      <subfield code="v">Congresses.</subfield>
    </datafield>
    <datafield tag="650" ind1=" " ind2="0">
      <subfield code="a">Discrimination in sports</subfield>
      <subfield code="z">South Africa</subfield>
      <subfield code="v">Congresses.</subfield>
    </datafield>
    <datafield tag="650" ind1=" " ind2="0">
      <subfield code="a">Sports</subfield>
      <subfield code="x">Political aspects</subfield>
      <subfield code="z">South Africa</subfield>
      <subfield code="v">Congresses.</subfield>
    </datafield>
    <datafield tag="700" ind1="1" ind2=" ">
      <subfield code="a">Thomas, Cornelius C.,</subfield>
      <subfield code="d">1956-</subfield>
      <subfield code="0">http://id.loc.gov/authorities/names/n98094516</subfield>
    </datafield>
    <datafield tag="710" ind1="1" ind2=" ">
      <subfield code="a">South Africa.</subfield>
      <subfield code="b">Department of Sport and Recreation.</subfield>
      <subfield code="0">http://id.loc.gov/authorities/names/no2006048280</subfield>
    </datafield>
    <datafield tag="852" ind1="0" ind2=" ">
      <subfield code="b">firestone</subfield>
      <subfield code="c">stacks</subfield>
      <subfield code="h">GV706.35</subfield>
      <subfield code="i">.S583 2006</subfield>
      <subfield code="8">22590179440006421</subfield>
    </datafield>
  </record>