
  <record>
    <leader>00969dam a2200289 a 4500</leader>
    <controlfield tag="005">20200925204703.0</controlfield>
    <controlfield tag="008">070910s2007    qeac          000 0 eng  </controlfield>
    <controlfield tag="001">9956602313506421</controlfield>
    <datafield tag="010" ind1=" " ind2=" ">
      <subfield code="a">  2007532192</subfield>
    </datafield>
    <datafield tag="020" ind1=" " ind2=" ">
      <subfield code="a">9780702236129 (pbk.)</subfield>
    </datafield>
    <datafield tag="020" ind1=" " ind2=" ">
      <subfield code="a">0702236128 (pbk.)</subfield>
    </datafield>
    <datafield tag="035" ind1=" " ind2=" ">
      <subfield code="a">(OCoLC)173244263</subfield>
    </datafield>
    <datafield tag="035" ind1=" " ind2=" ">
      <subfield code="a">(OCoLC)ocn173244263</subfield>
    </datafield>
    <datafield tag="035" ind1=" " ind2=" ">
      <subfield code="a">5660231</subfield>
    </datafield>
    <datafield tag="035" ind1=" " ind2=" ">
      <subfield code="a">(NjP)5660231-princetondb</subfield>
    </datafield>
    <datafield tag="040" ind1=" " ind2=" ">
      <subfield code="a">DLC</subfield>
      <subfield code="c">DLC</subfield>
      <subfield code="d">BTCTA</subfield>
      <subfield code="d">BAKER</subfield>
      <subfield code="d">YDXCP</subfield>
      <subfield code="d">OCLCG</subfield>
      <subfield code="d">BWX</subfield>
      <subfield code="d">AU@</subfield>
    </datafield>
    <datafield tag="049" ind1=" " ind2=" ">
      <subfield code="a">PULL</subfield>
    </datafield>
    <datafield tag="050" ind1="0" ind2="0">
      <subfield code="a">PR9619.4.L66</subfield>
      <subfield code="b">T85 2007</subfield>
    </datafield>
    <datafield tag="082" ind1="0" ind2="0">
      <subfield code="a">821/.92</subfield>
      <subfield code="2">22</subfield>
    </datafield>
    <datafield tag="100" ind1="1" ind2=" ">
      <subfield code="a">Lomer, Kathryn,</subfield>
      <subfield code="d">1958-</subfield>
      <subfield code="0">http://id.loc.gov/authorities/names/nb2002074992</subfield>
    </datafield>
    <datafield tag="245" ind1="1" ind2="0">
      <subfield code="a">Two kinds of silence /</subfield>
      <subfield code="c">Kathryn Lomer.</subfield>
    </datafield>
    <datafield tag="260" ind1=" " ind2=" ">
      <subfield code="a">St. Lucia, Qld :</subfield>
      <subfield code="b">University of Queensland Press,</subfield>
      <subfield code="c">2007.</subfield>
    </datafield>
    <datafield tag="300" ind1=" " ind2=" ">
      <subfield code="a">96 p. :</subfield>
      <subfield code="b">port. ;</subfield>
      <subfield code="c">20 cm.</subfield>
    </datafield>
    <datafield tag="490" ind1="0" ind2=" ">
      <subfield code="a">UQP poetry series</subfield>
    </datafield>
    <datafield tag="650" ind1=" " ind2="0">
      <subfield code="a">Australian poetry</subfield>
      <subfield code="z">Tasmania</subfield>
      <subfield code="y">21st century.</subfield>
    </datafield>
    <datafield tag="650" ind1=" " ind2="0">
      <subfield code="a">Australian literature</subfield>
      <subfield code="z">Tasmania</subfield>
      <subfield code="y">21st century.</subfield>
    </datafield>
    <datafield tag="852" ind1="0" ind2=" ">
      <subfield code="b">firestone</subfield>
      <subfield code="c">stacks</subfield>
      <subfield code="h">PR9619.4.L66</subfield>
      <subfield code="i">T85 2007</subfield>
      <subfield code="8">22616568130006421</subfield>
    </datafield>
  </record>