
  <record>
    <leader>00922dam a2200289 a 4500</leader>
    <controlfield tag="005">20200925204705.0</controlfield>
    <controlfield tag="008">080728s2008    snc           000 j eng  </controlfield>
    <controlfield tag="001">9956602623506421</controlfield>
    <datafield tag="016" ind1=" " ind2=" ">
      <subfield code="a">20089045203</subfield>
    </datafield>
    <datafield tag="020" ind1=" " ind2=" ">
      <subfield code="a">9781897235492</subfield>
    </datafield>
    <datafield tag="020" ind1=" " ind2=" ">
      <subfield code="a">1897235496</subfield>
    </datafield>
    <datafield tag="035" ind1=" " ind2=" ">
      <subfield code="a">(OCoLC)242055222</subfield>
    </datafield>
    <datafield tag="035" ind1=" " ind2=" ">
      <subfield code="a">(OCoLC)ocn242055222</subfield>
    </datafield>
    <datafield tag="035" ind1=" " ind2=" ">
      <subfield code="a">5660262</subfield>
    </datafield>
    <datafield tag="035" ind1=" " ind2=" ">
      <subfield code="a">(NjP)5660262-princetondb</subfield>
    </datafield>
    <datafield tag="040" ind1=" " ind2=" ">
      <subfield code="a">NLC</subfield>
      <subfield code="b">eng</subfield>
      <subfield code="c">NLC</subfield>
      <subfield code="d">CDX</subfield>
      <subfield code="d">YDXCP</subfield>
      <subfield code="d">NjP</subfield>
    </datafield>
    <datafield tag="050" ind1=" " ind2="4">
      <subfield code="a">PR9199.4.H387</subfield>
      <subfield code="b">O43 2008</subfield>
    </datafield>
    <datafield tag="055" ind1="0" ind2="2">
      <subfield code="a">PS8615*</subfield>
    </datafield>
    <datafield tag="055" ind1=" " ind2="0">
      <subfield code="a">PS8615 A821</subfield>
      <subfield code="b">O43 2008</subfield>
    </datafield>
    <datafield tag="055" ind1="0" ind2="0">
      <subfield code="a">PS8615 A821</subfield>
      <subfield code="b">O43 2008</subfield>
    </datafield>
    <datafield tag="082" ind1="0" ind2=" ">
      <subfield code="a">C813/.6</subfield>
      <subfield code="2">22</subfield>
    </datafield>
    <datafield tag="100" ind1="1" ind2=" ">
      <subfield code="a">Hawley, Alix,</subfield>
      <subfield code="d">1975-</subfield>
      <subfield code="0">http://id.loc.gov/authorities/names/no2009040388</subfield>
    </datafield>
    <datafield tag="245" ind1="1" ind2="4">
      <subfield code="a">The old familiar /</subfield>
      <subfield code="c">Alix Hawley.</subfield>
    </datafield>
    <datafield tag="260" ind1=" " ind2=" ">
      <subfield code="a">Saskatoon :</subfield>
      <subfield code="b">Thistledown Press,</subfield>
      <subfield code="c">c2008.</subfield>
    </datafield>
    <datafield tag="300" ind1=" " ind2=" ">
      <subfield code="a">275 p. ;</subfield>
      <subfield code="c">22 cm.</subfield>
    </datafield>
    <datafield tag="655" ind1=" " ind2="7">
      <subfield code="a">Short stories.</subfield>
      <subfield code="2">lcgft</subfield>
      <subfield code="0">http://id.loc.gov/authorities/genreForms/gf2014026542</subfield>
    </datafield>
    <datafield tag="852" ind1="0" ind2=" ">
      <subfield code="b">firestone</subfield>
      <subfield code="c">stacks</subfield>
      <subfield code="h">PR9199.4.H387</subfield>
      <subfield code="i">O43 2008</subfield>
      <subfield code="8">22616577870006421</subfield>
    </datafield>
  </record>