
  <record>
    <leader>01233dam a2200349Ia 4500</leader>
    <controlfield tag="005">20200925194049.0</controlfield>
    <controlfield tag="008">090113s2008    fr       b    000 0 fre d</controlfield>
    <controlfield tag="001">9956659613506421</controlfield>
    <datafield tag="010" ind1=" " ind2=" ">
      <subfield code="a">  2009402127</subfield>
    </datafield>
    <datafield tag="035" ind1=" " ind2=" ">
      <subfield code="a">(OCoLC)ocn298776909</subfield>
    </datafield>
    <datafield tag="035" ind1=" " ind2=" ">
      <subfield code="a">(FrPJT)JTL00239756</subfield>
    </datafield>
    <datafield tag="035" ind1=" " ind2=" ">
      <subfield code="a">5665961</subfield>
    </datafield>
    <datafield tag="035" ind1=" " ind2=" ">
      <subfield code="a">(OCoLC)298776909</subfield>
    </datafield>
    <datafield tag="035" ind1=" " ind2=" ">
      <subfield code="a">(NjP)5665961-princetondb</subfield>
    </datafield>
    <datafield tag="040" ind1=" " ind2=" ">
      <subfield code="a">TZT</subfield>
      <subfield code="c">TZT</subfield>
      <subfield code="d">AUXAM</subfield>
      <subfield code="d">UTO</subfield>
      <subfield code="d">LHM</subfield>
      <subfield code="d">CUS</subfield>
      <subfield code="d">DLC</subfield>
      <subfield code="d">IXA</subfield>
    </datafield>
    <datafield tag="020" ind1=" " ind2=" ">
      <subfield code="a">2296062873</subfield>
    </datafield>
    <datafield tag="020" ind1=" " ind2=" ">
      <subfield code="a">9782296062870</subfield>
    </datafield>
    <datafield tag="043" ind1=" " ind2=" ">
      <subfield code="a">e-fr---</subfield>
    </datafield>
    <datafield tag="050" ind1="0" ind2="0">
      <subfield code="a">GV706.34</subfield>
      <subfield code="b">.D45 2008</subfield>
    </datafield>
    <datafield tag="072" ind1=" " ind2="7">
      <subfield code="a">DC</subfield>
      <subfield code="2">lcco</subfield>
    </datafield>
    <datafield tag="082" ind1="1" ind2="4">
      <subfield code="a">944</subfield>
      <subfield code="2">1</subfield>
    </datafield>
    <datafield tag="100" ind1="1" ind2=" ">
      <subfield code="a">Derlon, Alain.</subfield>
      <subfield code="0">http://id.loc.gov/authorities/names/no2009056416</subfield>
    </datafield>
    <datafield tag="245" ind1="1" ind2="0">
      <subfield code="a">Sport, nationalisme français et régénération de la race :</subfield>
      <subfield code="b">1880-1914 /</subfield>
      <subfield code="c">Alain Derlon.</subfield>
    </datafield>
    <datafield tag="260" ind1=" " ind2=" ">
      <subfield code="a">Paris :</subfield>
      <subfield code="b">Harmattan,</subfield>
      <subfield code="c">c2008.</subfield>
    </datafield>
    <datafield tag="300" ind1=" " ind2=" ">
      <subfield code="a">248 p. ;</subfield>
      <subfield code="c">22 cm.</subfield>
    </datafield>
    <datafield tag="504" ind1=" " ind2=" ">
      <subfield code="a">Includes bibliographical references.</subfield>
    </datafield>
    <datafield tag="650" ind1=" " ind2="0">
      <subfield code="a">Nationalism and sports</subfield>
      <subfield code="z">France</subfield>
      <subfield code="x">History</subfield>
      <subfield code="y">19th century.</subfield>
    </datafield>
    <datafield tag="650" ind1=" " ind2="0">
      <subfield code="a">Sports</subfield>
      <subfield code="z">France</subfield>
      <subfield code="x">Sociological aspects</subfield>
      <subfield code="x">History</subfield>
      <subfield code="y">20th century.</subfield>
    </datafield>
    <datafield tag="650" ind1=" " ind2="0">
      <subfield code="a">Sports</subfield>
      <subfield code="z">France</subfield>
      <subfield code="x">Sociological aspects</subfield>
      <subfield code="x">History</subfield>
      <subfield code="y">19th century.</subfield>
    </datafield>
    <datafield tag="650" ind1=" " ind2="0">
      <subfield code="a">Nationalism and sports</subfield>
      <subfield code="z">France</subfield>
      <subfield code="x">History</subfield>
      <subfield code="y">20th century.</subfield>
    </datafield>
    <datafield tag="852" ind1="0" ind2=" ">
      <subfield code="b">firestone</subfield>
      <subfield code="c">stacks</subfield>
      <subfield code="h">GV706.34</subfield>
      <subfield code="i">.D45 2008</subfield>
      <subfield code="8">22500521530006421</subfield>
    </datafield>
  </record>