
  <record>
    <leader>01188dam a2200337 a 4500</leader>
    <controlfield tag="005">20200925194503.0</controlfield>
    <controlfield tag="008">090218s2008    nyua          000 p eng d</controlfield>
    <controlfield tag="001">9956693573506421</controlfield>
    <datafield tag="010" ind1=" " ind2=" ">
      <subfield code="a">  2008922441</subfield>
    </datafield>
    <datafield tag="035" ind1=" " ind2=" ">
      <subfield code="a">(OCoLC)ocn288990497</subfield>
    </datafield>
    <datafield tag="035" ind1=" " ind2=" ">
      <subfield code="a">(OrLoB)R5764501</subfield>
    </datafield>
    <datafield tag="035" ind1=" " ind2=" ">
      <subfield code="a">5669357</subfield>
    </datafield>
    <datafield tag="035" ind1=" " ind2=" ">
      <subfield code="a">(OCoLC)288990497</subfield>
    </datafield>
    <datafield tag="035" ind1=" " ind2=" ">
      <subfield code="a">(NjP)5669357-princetondb</subfield>
    </datafield>
    <datafield tag="040" ind1=" " ind2=" ">
      <subfield code="a">CDX</subfield>
      <subfield code="c">CDX</subfield>
      <subfield code="d">OCLCQ</subfield>
      <subfield code="d">YDXCP</subfield>
      <subfield code="d">BTCTA</subfield>
      <subfield code="d">BWX</subfield>
      <subfield code="d">NjP</subfield>
    </datafield>
    <datafield tag="020" ind1=" " ind2=" ">
      <subfield code="a">0893048984 (paper)</subfield>
    </datafield>
    <datafield tag="020" ind1=" " ind2=" ">
      <subfield code="a">0893048976 (hardcover)</subfield>
    </datafield>
    <datafield tag="020" ind1=" " ind2=" ">
      <subfield code="a">9780893048976 (hardcover)</subfield>
    </datafield>
    <datafield tag="020" ind1=" " ind2=" ">
      <subfield code="a">9780893048983 (paper)</subfield>
    </datafield>
    <datafield tag="050" ind1=" " ind2="4">
      <subfield code="a">PR6070.H6576</subfield>
      <subfield code="b">B876 2008</subfield>
    </datafield>
    <datafield tag="082" ind1="0" ind2="4">
      <subfield code="a">821.914</subfield>
      <subfield code="2">22</subfield>
    </datafield>
    <datafield tag="100" ind1="1" ind2=" ">
      <subfield code="a">Thomas-Ellis, Aeronwy.</subfield>
      <subfield code="0">http://id.loc.gov/authorities/names/n88612413</subfield>
    </datafield>
    <datafield tag="245" ind1="1" ind2="0">
      <subfield code="a">Burning bridges /</subfield>
      <subfield code="c">Aeronwy Thomas ; introduction by Peter Thabit Jones ; foreword and photgraphics by Martin Holroyd.</subfield>
    </datafield>
    <datafield tag="250" ind1=" " ind2=" ">
      <subfield code="a">2nd ed.</subfield>
    </datafield>
    <datafield tag="260" ind1=" " ind2=" ">
      <subfield code="a">Merrick, NY :</subfield>
      <subfield code="b">Cross-Cultural Communications,</subfield>
      <subfield code="c">c2008.</subfield>
    </datafield>
    <datafield tag="300" ind1=" " ind2=" ">
      <subfield code="a">67 p. :</subfield>
      <subfield code="b">ill. (some col.) ;</subfield>
      <subfield code="c">22 cm.</subfield>
    </datafield>
    <datafield tag="490" ind1="1" ind2=" ">
      <subfield code="a">Welsh Poets ;</subfield>
      <subfield code="v">#2</subfield>
    </datafield>
    <datafield tag="655" ind1=" " ind2="7">
      <subfield code="a">Poetry.</subfield>
      <subfield code="2">lcgft</subfield>
      <subfield code="0">http://id.loc.gov/authorities/genreForms/gf2014026481</subfield>
    </datafield>
    <datafield tag="830" ind1=" " ind2="0">
      <subfield code="a">Welsh poets ;</subfield>
      <subfield code="v">#2.</subfield>
    </datafield>
    <datafield tag="852" ind1="0" ind2=" ">
      <subfield code="b">firestone</subfield>
      <subfield code="c">stacks</subfield>
      <subfield code="h">PR6070.H6576</subfield>
      <subfield code="i">B876 2008</subfield>
      <subfield code="8">22557185690006421</subfield>
    </datafield>
  </record>