
  <record>
    <leader>00832dam a2200253 a 4500</leader>
    <controlfield tag="005">20200925194843.0</controlfield>
    <controlfield tag="008">080407s2008    onc           000 f eng  </controlfield>
    <controlfield tag="001">9956983773506421</controlfield>
    <datafield tag="020" ind1=" " ind2=" ">
      <subfield code="a">9781550228427</subfield>
    </datafield>
    <datafield tag="020" ind1=" " ind2=" ">
      <subfield code="a">1550228420</subfield>
    </datafield>
    <datafield tag="035" ind1=" " ind2=" ">
      <subfield code="a">(OCoLC)222518862</subfield>
    </datafield>
    <datafield tag="035" ind1=" " ind2=" ">
      <subfield code="a">(OCoLC)ocn222518862</subfield>
    </datafield>
    <datafield tag="035" ind1=" " ind2=" ">
      <subfield code="a">5698377</subfield>
    </datafield>
    <datafield tag="035" ind1=" " ind2=" ">
      <subfield code="a">(NjP)5698377-princetondb</subfield>
    </datafield>
    <datafield tag="040" ind1=" " ind2=" ">
      <subfield code="a">NLC</subfield>
      <subfield code="b">eng</subfield>
      <subfield code="c">NLC</subfield>
      <subfield code="d">BTCTA</subfield>
      <subfield code="d">BAKER</subfield>
      <subfield code="d">YDXCP</subfield>
      <subfield code="d">C#P</subfield>
      <subfield code="d">BWX</subfield>
      <subfield code="d">CDX</subfield>
    </datafield>
    <datafield tag="050" ind1=" " ind2="4">
      <subfield code="a">PR9199.4.K5825</subfield>
      <subfield code="b">D37 2008</subfield>
    </datafield>
    <datafield tag="055" ind1="0" ind2="0">
      <subfield code="a">PS8621 N67</subfield>
      <subfield code="b">D37 2008</subfield>
    </datafield>
    <datafield tag="082" ind1="0" ind2=" ">
      <subfield code="a">C813/.6</subfield>
      <subfield code="2">22</subfield>
    </datafield>
    <datafield tag="100" ind1="1" ind2=" ">
      <subfield code="a">Knowles, Mike.</subfield>
      <subfield code="0">http://id.loc.gov/authorities/names/no2017166737</subfield>
    </datafield>
    <datafield tag="245" ind1="1" ind2="0">
      <subfield code="a">Darwin's nightmare /</subfield>
      <subfield code="c">Mike Knowles.</subfield>
    </datafield>
    <datafield tag="260" ind1=" " ind2=" ">
      <subfield code="a">Toronto :</subfield>
      <subfield code="b">ECW Press,</subfield>
      <subfield code="c">c2008.</subfield>
    </datafield>
    <datafield tag="300" ind1=" " ind2=" ">
      <subfield code="a">183 p. ;</subfield>
      <subfield code="c">24 cm.</subfield>
    </datafield>
    <datafield tag="655" ind1=" " ind2="7">
      <subfield code="a">Novels.</subfield>
      <subfield code="2">lcgft</subfield>
      <subfield code="0">http://id.loc.gov/authorities/genreForms/gf2015026020</subfield>
    </datafield>
    <datafield tag="852" ind1="0" ind2=" ">
      <subfield code="b">firestone</subfield>
      <subfield code="c">stacks</subfield>
      <subfield code="h">PR9199.4.K5825</subfield>
      <subfield code="i">D37 2008</subfield>
      <subfield code="8">22568281640006421</subfield>
    </datafield>
  </record>