
  <record>
    <leader>00616dam a2200205 a 4500</leader>
    <controlfield tag="005">20200925195133.0</controlfield>
    <controlfield tag="008">090225s2008                  0   0 eng d</controlfield>
    <controlfield tag="001">9957006683506421</controlfield>
    <datafield tag="020" ind1=" " ind2=" ">
      <subfield code="a">0007212720</subfield>
    </datafield>
    <datafield tag="035" ind1=" " ind2=" ">
      <subfield code="a">(OCoLC)176817587</subfield>
    </datafield>
    <datafield tag="035" ind1=" " ind2=" ">
      <subfield code="a">(UkOxBHB)L4806920</subfield>
    </datafield>
    <datafield tag="035" ind1=" " ind2=" ">
      <subfield code="a">5700668</subfield>
    </datafield>
    <datafield tag="035" ind1=" " ind2=" ">
      <subfield code="a">(NjP)5700668-princetondb</subfield>
    </datafield>
    <datafield tag="040" ind1=" " ind2=" ">
      <subfield code="a">UkOxBHB</subfield>
      <subfield code="c">UkOxBHB</subfield>
      <subfield code="d">NjP</subfield>
    </datafield>
    <datafield tag="050" ind1=" " ind2="4">
      <subfield code="a">PR6113.C43</subfield>
      <subfield code="b">R36 2008</subfield>
    </datafield>
    <datafield tag="100" ind1="1" ind2=" ">
      <subfield code="a">McGee, James,</subfield>
      <subfield code="d">1950-</subfield>
      <subfield code="0">http://id.loc.gov/authorities/names/nb2006009790</subfield>
    </datafield>
    <datafield tag="245" ind1="1" ind2="0">
      <subfield code="a">Rapscallion /</subfield>
      <subfield code="c">James McGee.</subfield>
    </datafield>
    <datafield tag="260" ind1=" " ind2=" ">
      <subfield code="a">London :</subfield>
      <subfield code="b">HarperCollins,</subfield>
      <subfield code="c">2008.</subfield>
    </datafield>
    <datafield tag="300" ind1=" " ind2=" ">
      <subfield code="a">412 p. ;</subfield>
      <subfield code="c">24 cm.</subfield>
    </datafield>
    <datafield tag="852" ind1="0" ind2=" ">
      <subfield code="b">firestone</subfield>
      <subfield code="c">stacks</subfield>
      <subfield code="h">PR6113.C43</subfield>
      <subfield code="i">R36 2008</subfield>
      <subfield code="8">22669283460006421</subfield>
    </datafield>
  </record>