
  <record>
    <leader>00734dam a2200229 a 4500</leader>
    <controlfield tag="005">20200925201138.0</controlfield>
    <controlfield tag="008">090212s2008    onca          000 0 fre  </controlfield>
    <controlfield tag="001">9957173043506421</controlfield>
    <datafield tag="010" ind1=" " ind2=" ">
      <subfield code="a">  2009286621</subfield>
    </datafield>
    <datafield tag="035" ind1=" " ind2=" ">
      <subfield code="a">(OCoLC)ocn310100026</subfield>
    </datafield>
    <datafield tag="035" ind1=" " ind2=" ">
      <subfield code="a">5717304</subfield>
    </datafield>
    <datafield tag="035" ind1=" " ind2=" ">
      <subfield code="a">(OCoLC)310100026</subfield>
    </datafield>
    <datafield tag="035" ind1=" " ind2=" ">
      <subfield code="a">(NjP)5717304-princetondb</subfield>
    </datafield>
    <datafield tag="040" ind1=" " ind2=" ">
      <subfield code="a">DLC</subfield>
      <subfield code="c">DLC</subfield>
      <subfield code="d">UAU</subfield>
      <subfield code="d">NjP</subfield>
    </datafield>
    <datafield tag="020" ind1=" " ind2=" ">
      <subfield code="a">9782894232248 (pbk.)</subfield>
    </datafield>
    <datafield tag="020" ind1=" " ind2=" ">
      <subfield code="a">2894232241 (pbk.)</subfield>
    </datafield>
    <datafield tag="050" ind1="0" ind2="0">
      <subfield code="a">PR9199.4.H327</subfield>
      <subfield code="b">B55 2008</subfield>
    </datafield>
    <datafield tag="100" ind1="1" ind2=" ">
      <subfield code="a">Haentjens, Brigitte,</subfield>
      <subfield code="d">1951-</subfield>
      <subfield code="0">http://id.loc.gov/authorities/names/n85116648</subfield>
    </datafield>
    <datafield tag="245" ind1="1" ind2="0">
      <subfield code="a">Blanchie :</subfield>
      <subfield code="b">recit troué /</subfield>
      <subfield code="c">Brigitte Haentjens.</subfield>
    </datafield>
    <datafield tag="260" ind1=" " ind2=" ">
      <subfield code="a">Sudbury, Ont. :</subfield>
      <subfield code="b">Prise de parole,</subfield>
      <subfield code="c">2008.</subfield>
    </datafield>
    <datafield tag="300" ind1=" " ind2=" ">
      <subfield code="a">262 p. :</subfield>
      <subfield code="b">ill. ;</subfield>
      <subfield code="c">18 cm.</subfield>
    </datafield>
    <datafield tag="852" ind1="0" ind2=" ">
      <subfield code="b">firestone</subfield>
      <subfield code="c">stacks</subfield>
      <subfield code="h">PR9199.4.H327</subfield>
      <subfield code="i">B55 2008</subfield>
      <subfield code="8">22603081760006421</subfield>
    </datafield>
  </record>