
  <record>
    <leader>01037dam a2200289 a 4500</leader>
    <controlfield tag="005">20200925210702.0</controlfield>
    <controlfield tag="008">090429s2009    enk           000 0 eng d</controlfield>
    <controlfield tag="001">9957596033506421</controlfield>
    <datafield tag="020" ind1=" " ind2=" ">
      <subfield code="a">1852248459</subfield>
    </datafield>
    <datafield tag="020" ind1=" " ind2=" ">
      <subfield code="a">9781852248451</subfield>
    </datafield>
    <datafield tag="035" ind1=" " ind2=" ">
      <subfield code="a">(OCoLC)ocn315134643</subfield>
    </datafield>
    <datafield tag="035" ind1=" " ind2=" ">
      <subfield code="a">(UkOxBHB)L2815375</subfield>
    </datafield>
    <datafield tag="035" ind1=" " ind2=" ">
      <subfield code="a">5759603</subfield>
    </datafield>
    <datafield tag="035" ind1=" " ind2=" ">
      <subfield code="a">(OCoLC)315134643</subfield>
    </datafield>
    <datafield tag="035" ind1=" " ind2=" ">
      <subfield code="a">(NjP)5759603-princetondb</subfield>
    </datafield>
    <datafield tag="040" ind1=" " ind2=" ">
      <subfield code="a">YDXCP</subfield>
      <subfield code="c">YDXCP</subfield>
      <subfield code="d">BTCTA</subfield>
      <subfield code="d">BWK</subfield>
      <subfield code="d">CDX</subfield>
      <subfield code="d">NLE</subfield>
      <subfield code="d">NjP</subfield>
    </datafield>
    <datafield tag="050" ind1=" " ind2="4">
      <subfield code="a">PR6118.E13</subfield>
      <subfield code="b">B76 2009</subfield>
    </datafield>
    <datafield tag="082" ind1="0" ind2="4">
      <subfield code="a">821.92</subfield>
      <subfield code="2">22</subfield>
    </datafield>
    <datafield tag="100" ind1="1" ind2=" ">
      <subfield code="a">Read, Sally,</subfield>
      <subfield code="d">1971-</subfield>
      <subfield code="0">http://id.loc.gov/authorities/names/nb2005003501</subfield>
    </datafield>
    <datafield tag="245" ind1="0" ind2="0">
      <subfield code="a">Broken sleep /</subfield>
      <subfield code="c">Sally Read.</subfield>
    </datafield>
    <datafield tag="260" ind1=" " ind2=" ">
      <subfield code="a">Tarset [England] :</subfield>
      <subfield code="b">Bloodaxe Books,</subfield>
      <subfield code="c">2009.</subfield>
    </datafield>
    <datafield tag="300" ind1=" " ind2=" ">
      <subfield code="a">64 p ;</subfield>
      <subfield code="c">22 cm.</subfield>
    </datafield>
    <datafield tag="650" ind1=" " ind2="0">
      <subfield code="a">Mother and child</subfield>
      <subfield code="v">Poetry.</subfield>
      <subfield code="0">http://id.loc.gov/authorities/subjects/sh2010102413</subfield>
    </datafield>
    <datafield tag="650" ind1=" " ind2="0">
      <subfield code="a">Loss (Psychology)</subfield>
      <subfield code="v">Poetry.</subfield>
      <subfield code="0">http://id.loc.gov/authorities/subjects/sh2010100149</subfield>
    </datafield>
    <datafield tag="655" ind1=" " ind2="7">
      <subfield code="a">Poetry.</subfield>
      <subfield code="2">lcgft</subfield>
      <subfield code="0">http://id.loc.gov/authorities/genreForms/gf2014026481</subfield>
    </datafield>
    <datafield tag="852" ind1="0" ind2=" ">
      <subfield code="b">firestone</subfield>
      <subfield code="c">stacks</subfield>
      <subfield code="h">PR6118.E13</subfield>
      <subfield code="i">B76 2009</subfield>
      <subfield code="8">22634354380006421</subfield>
    </datafield>
  </record>