
  <record>
    <leader>02134dam a22003014a 4500</leader>
    <controlfield tag="005">20200925225827.0</controlfield>
    <controlfield tag="008">081218s2009    nyuaf         000 0aeng  </controlfield>
    <controlfield tag="001">9958193783506421</controlfield>
    <datafield tag="010" ind1=" " ind2=" ">
      <subfield code="a">  2008054447</subfield>
    </datafield>
    <datafield tag="035" ind1=" " ind2=" ">
      <subfield code="a">(OCoLC)ocn262886314</subfield>
    </datafield>
    <datafield tag="035" ind1=" " ind2=" ">
      <subfield code="a">5819378</subfield>
    </datafield>
    <datafield tag="035" ind1=" " ind2=" ">
      <subfield code="a">(OCoLC)262886314</subfield>
    </datafield>
    <datafield tag="035" ind1=" " ind2=" ">
      <subfield code="a">(NjP)5819378-princetondb</subfield>
    </datafield>
    <datafield tag="040" ind1=" " ind2=" ">
      <subfield code="a">DLC</subfield>
      <subfield code="c">DLC</subfield>
      <subfield code="d">BTCTA</subfield>
      <subfield code="d">YDXCP</subfield>
      <subfield code="d">IEB</subfield>
      <subfield code="d">BUR</subfield>
      <subfield code="d">MOF</subfield>
      <subfield code="d">CDX</subfield>
      <subfield code="d">IG#</subfield>
      <subfield code="d">C#P</subfield>
      <subfield code="d">BWX</subfield>
      <subfield code="d">VP@</subfield>
    </datafield>
    <datafield tag="020" ind1=" " ind2=" ">
      <subfield code="a">9780061704208</subfield>
    </datafield>
    <datafield tag="020" ind1=" " ind2=" ">
      <subfield code="a">0061704202</subfield>
    </datafield>
    <datafield tag="043" ind1=" " ind2=" ">
      <subfield code="a">n-us---</subfield>
    </datafield>
    <datafield tag="050" ind1="0" ind2="0">
      <subfield code="a">GV865.S87</subfield>
      <subfield code="b">S87 2009</subfield>
    </datafield>
    <datafield tag="082" ind1="0" ind2="0">
      <subfield code="a">796.357092</subfield>
      <subfield code="2">22</subfield>
    </datafield>
    <datafield tag="100" ind1="1" ind2=" ">
      <subfield code="a">Strawberry, Darryl.</subfield>
      <subfield code="0">http://id.loc.gov/authorities/names/n85336836</subfield>
    </datafield>
    <datafield tag="245" ind1="1" ind2="0">
      <subfield code="a">Straw :</subfield>
      <subfield code="b">finding my way /</subfield>
      <subfield code="c">Darryl Strawberry ; with John Strausbaugh.</subfield>
    </datafield>
    <datafield tag="250" ind1=" " ind2=" ">
      <subfield code="a">1st ed.</subfield>
    </datafield>
    <datafield tag="260" ind1=" " ind2=" ">
      <subfield code="a">New York, NY :</subfield>
      <subfield code="b">Ecco,</subfield>
      <subfield code="c">c2009.</subfield>
    </datafield>
    <datafield tag="300" ind1=" " ind2=" ">
      <subfield code="a">xii, 240 p., [16] p. of plates :</subfield>
      <subfield code="b">col. ill. ;</subfield>
      <subfield code="c">24 cm.</subfield>
    </datafield>
    <datafield tag="520" ind1=" " ind2=" ">
      <subfield code="a">Former baseball slugger Darryl Strawberry, whose achievements on the field were often overshadowed by his struggles off the field, recounts the highs, the lows, and the lessons of hope and survival he learned along the way. Darryl grew up in a working-class neighborhood in Los Angeles, where he channeled his energy into baseball and basketball. The New York Mets drafted him in 1980, and he won Rookie of the Year in 1983. Throughout the eighties and nineties, however, Strawberry faced many personal challenges, including drug use, tax evasion, solicitation, and allegations of domestic violence. His seasons with the Dodgers, Giants, and Yankees were interrupted by suspensions, visits to rehab, and treatment for colon cancer. But in 2006, Strawberry's life changed course dramatically. With his wife, Tracy, he devoted himself to his church and to his work with children and adults affected by autism and other developmental disorders. Here, for the first time, Darryl Strawberry delivers his own inspirational story.--From publisher description.</subfield>
    </datafield>
    <datafield tag="600" ind1="1" ind2="0">
      <subfield code="a">Strawberry, Darryl.</subfield>
      <subfield code="0">http://id.loc.gov/authorities/names/n85336836</subfield>
    </datafield>
    <datafield tag="650" ind1=" " ind2="0">
      <subfield code="a">Baseball players</subfield>
      <subfield code="z">United States</subfield>
      <subfield code="v">Biography.</subfield>
      <subfield code="0">http://id.loc.gov/authorities/subjects/sh2007101902</subfield>
    </datafield>
    <datafield tag="852" ind1="0" ind2=" ">
      <subfield code="b">firestone</subfield>
      <subfield code="c">stacks</subfield>
      <subfield code="h">GV865.S87</subfield>
      <subfield code="i">S87 2009</subfield>
      <subfield code="8">22588962820006421</subfield>
    </datafield>
  </record>