
  <record>
    <leader>00737dam a2200217 a 4500</leader>
    <controlfield tag="005">20200926003745.0</controlfield>
    <controlfield tag="008">090708s2009    ie            000 1 eng d</controlfield>
    <controlfield tag="001">9958402343506421</controlfield>
    <datafield tag="020" ind1=" " ind2=" ">
      <subfield code="a">9781856356336</subfield>
    </datafield>
    <datafield tag="035" ind1=" " ind2=" ">
      <subfield code="a">(OCoLC)320198102</subfield>
    </datafield>
    <datafield tag="035" ind1=" " ind2=" ">
      <subfield code="a">(UkOxBHB)L0821565</subfield>
    </datafield>
    <datafield tag="035" ind1=" " ind2=" ">
      <subfield code="a">5840234</subfield>
    </datafield>
    <datafield tag="035" ind1=" " ind2=" ">
      <subfield code="a">(NjP)5840234-princetondb</subfield>
    </datafield>
    <datafield tag="040" ind1=" " ind2=" ">
      <subfield code="a">UkOxBHB</subfield>
      <subfield code="c">UkOxBHB</subfield>
      <subfield code="d">NjP</subfield>
    </datafield>
    <datafield tag="050" ind1=" " ind2=" ">
      <subfield code="a">PR6115.C347</subfield>
      <subfield code="b">I5 2009</subfield>
    </datafield>
    <datafield tag="100" ind1="1" ind2=" ">
      <subfield code="a">O'Callaghan, Billy.</subfield>
      <subfield code="0">http://id.loc.gov/authorities/names/no2009020011</subfield>
    </datafield>
    <datafield tag="245" ind1="1" ind2="0">
      <subfield code="a">In too deep :</subfield>
      <subfield code="b">and other short stories /</subfield>
      <subfield code="c">Billy O'Callaghan.</subfield>
    </datafield>
    <datafield tag="260" ind1=" " ind2=" ">
      <subfield code="a">Cork :</subfield>
      <subfield code="b">Mercier Press,</subfield>
      <subfield code="c">2009.</subfield>
    </datafield>
    <datafield tag="300" ind1=" " ind2=" ">
      <subfield code="a">249 p. ;</subfield>
      <subfield code="c">20 cm.</subfield>
    </datafield>
    <datafield tag="655" ind1=" " ind2="7">
      <subfield code="a">Fiction.</subfield>
      <subfield code="2">lcgft</subfield>
      <subfield code="0">http://id.loc.gov/authorities/genreForms/gf2014026339</subfield>
    </datafield>
    <datafield tag="852" ind1="0" ind2=" ">
      <subfield code="b">firestone</subfield>
      <subfield code="c">stacks</subfield>
      <subfield code="h">PR6115.C347</subfield>
      <subfield code="i">I5 2009</subfield>
      <subfield code="8">22725385590006421</subfield>
    </datafield>
  </record>