
  <record>
    <leader>01348dam a2200349 a 4500</leader>
    <controlfield tag="005">20200925231437.0</controlfield>
    <controlfield tag="008">090812s2009    enk           000 1 eng d</controlfield>
    <controlfield tag="001">9958699643506421</controlfield>
    <datafield tag="035" ind1=" " ind2=" ">
      <subfield code="a">(OCoLC)ocn321015983</subfield>
    </datafield>
    <datafield tag="035" ind1=" " ind2=" ">
      <subfield code="a">(UkOxBHB)L3824763</subfield>
    </datafield>
    <datafield tag="035" ind1=" " ind2=" ">
      <subfield code="a">5869964</subfield>
    </datafield>
    <datafield tag="035" ind1=" " ind2=" ">
      <subfield code="a">(OCoLC)321015983</subfield>
    </datafield>
    <datafield tag="035" ind1=" " ind2=" ">
      <subfield code="a">(NjP)5869964-princetondb</subfield>
    </datafield>
    <datafield tag="040" ind1=" " ind2=" ">
      <subfield code="a">UKM</subfield>
      <subfield code="c">UKM</subfield>
      <subfield code="d">BWKUK</subfield>
    </datafield>
    <datafield tag="020" ind1=" " ind2=" ">
      <subfield code="a">9780571239832 (pbk.)</subfield>
    </datafield>
    <datafield tag="020" ind1=" " ind2=" ">
      <subfield code="a">0571239838 (pbk.)</subfield>
    </datafield>
    <datafield tag="050" ind1=" " ind2="4">
      <subfield code="a">PR9639.4.M37</subfield>
      <subfield code="b">A55 2009</subfield>
    </datafield>
    <datafield tag="082" ind1="0" ind2="4">
      <subfield code="a">823.92</subfield>
      <subfield code="2">22</subfield>
    </datafield>
    <datafield tag="100" ind1="1" ind2=" ">
      <subfield code="a">McIlvanney, Liam.</subfield>
      <subfield code="0">http://id.loc.gov/authorities/names/nb99186446</subfield>
    </datafield>
    <datafield tag="245" ind1="1" ind2="0">
      <subfield code="a">All the colours of the town /</subfield>
      <subfield code="c">Liam McIlvanney.</subfield>
    </datafield>
    <datafield tag="260" ind1=" " ind2=" ">
      <subfield code="a">London :</subfield>
      <subfield code="b">Faber and Faber,</subfield>
      <subfield code="c">2009.</subfield>
    </datafield>
    <datafield tag="300" ind1=" " ind2=" ">
      <subfield code="a">327 p. ;</subfield>
      <subfield code="c">22 cm.</subfield>
    </datafield>
    <datafield tag="650" ind1=" " ind2="0">
      <subfield code="a">Journalists</subfield>
      <subfield code="z">Scotland</subfield>
      <subfield code="z">Glasgow</subfield>
      <subfield code="v">Fiction.</subfield>
    </datafield>
    <datafield tag="650" ind1=" " ind2="0">
      <subfield code="a">Political corruption</subfield>
      <subfield code="z">Scotland</subfield>
      <subfield code="v">Fiction.</subfield>
    </datafield>
    <datafield tag="650" ind1=" " ind2="0">
      <subfield code="a">Violence</subfield>
      <subfield code="z">Northern Ireland</subfield>
      <subfield code="x">History</subfield>
      <subfield code="y">20th century</subfield>
      <subfield code="v">Fiction.</subfield>
    </datafield>
    <datafield tag="651" ind1=" " ind2="0">
      <subfield code="a">Northern Ireland</subfield>
      <subfield code="x">Social conditions</subfield>
      <subfield code="y">1969-</subfield>
      <subfield code="v">Fiction.</subfield>
    </datafield>
    <datafield tag="651" ind1=" " ind2="0">
      <subfield code="a">Northern Ireland</subfield>
      <subfield code="x">Politics and government</subfield>
      <subfield code="y">1994-</subfield>
      <subfield code="v">Fiction.</subfield>
    </datafield>
    <datafield tag="651" ind1=" " ind2="0">
      <subfield code="a">Northern Ireland</subfield>
      <subfield code="x">Politics and government</subfield>
      <subfield code="y">1969-1994</subfield>
      <subfield code="v">Fiction.</subfield>
    </datafield>
    <datafield tag="655" ind1=" " ind2="7">
      <subfield code="a">Fiction.</subfield>
      <subfield code="2">lcgft</subfield>
      <subfield code="0">http://id.loc.gov/authorities/genreForms/gf2014026339</subfield>
    </datafield>
    <datafield tag="655" ind1=" " ind2="7">
      <subfield code="a">Fiction.</subfield>
      <subfield code="2">lcgft</subfield>
      <subfield code="0">http://id.loc.gov/authorities/genreForms/gf2014026339</subfield>
    </datafield>
    <datafield tag="852" ind1="0" ind2=" ">
      <subfield code="b">firestone</subfield>
      <subfield code="c">stacks</subfield>
      <subfield code="h">PR9639.4.M37</subfield>
      <subfield code="i">A55 2009</subfield>
      <subfield code="8">22524375190006421</subfield>
    </datafield>
  </record>