
  <record>
    <leader>00714dam a2200217 a 4500</leader>
    <controlfield tag="005">20200925231443.0</controlfield>
    <controlfield tag="008">090812s2009    enk           000 f eng c</controlfield>
    <controlfield tag="001">9958700293506421</controlfield>
    <datafield tag="020" ind1=" " ind2=" ">
      <subfield code="a">014102772X</subfield>
    </datafield>
    <datafield tag="035" ind1=" " ind2=" ">
      <subfield code="a">(OCoLC)303019919</subfield>
    </datafield>
    <datafield tag="035" ind1=" " ind2=" ">
      <subfield code="a">(UkOxBHB)L3824276</subfield>
    </datafield>
    <datafield tag="035" ind1=" " ind2=" ">
      <subfield code="a">5870029</subfield>
    </datafield>
    <datafield tag="035" ind1=" " ind2=" ">
      <subfield code="a">(NjP)5870029-princetondb</subfield>
    </datafield>
    <datafield tag="040" ind1=" " ind2=" ">
      <subfield code="a">UkOxBHB</subfield>
      <subfield code="c">UkOxBHB</subfield>
      <subfield code="d">NjP</subfield>
    </datafield>
    <datafield tag="050" ind1=" " ind2=" ">
      <subfield code="a">PR6116.A35</subfield>
      <subfield code="b">W343 2009</subfield>
    </datafield>
    <datafield tag="100" ind1="1" ind2=" ">
      <subfield code="a">Page, Jeremy,</subfield>
      <subfield code="d">1969-</subfield>
      <subfield code="0">http://id.loc.gov/authorities/names/n2006086710</subfield>
    </datafield>
    <datafield tag="245" ind1="1" ind2="4">
      <subfield code="a">The wake /</subfield>
      <subfield code="c">Jeremy Page.</subfield>
    </datafield>
    <datafield tag="260" ind1=" " ind2=" ">
      <subfield code="a">London ;</subfield>
      <subfield code="a">New York :</subfield>
      <subfield code="b">Penguin Books,</subfield>
      <subfield code="c">2009.</subfield>
    </datafield>
    <datafield tag="300" ind1=" " ind2=" ">
      <subfield code="a">273 p. ;</subfield>
      <subfield code="c">20 cm.</subfield>
    </datafield>
    <datafield tag="655" ind1=" " ind2="7">
      <subfield code="a">Novels.</subfield>
      <subfield code="2">lcgft</subfield>
      <subfield code="0">http://id.loc.gov/authorities/genreForms/gf2015026020</subfield>
    </datafield>
    <datafield tag="852" ind1="0" ind2=" ">
      <subfield code="b">firestone</subfield>
      <subfield code="c">stacks</subfield>
      <subfield code="h">PR6116.A35</subfield>
      <subfield code="i">W343 2009</subfield>
      <subfield code="8">22617872520006421</subfield>
    </datafield>
  </record>