
  <record>
    <leader>00703dam a2200229 a 4500</leader>
    <controlfield tag="005">20200925235601.0</controlfield>
    <controlfield tag="008">091007s2009    enk           000 0 eng c</controlfield>
    <controlfield tag="001">9959552493506421</controlfield>
    <datafield tag="020" ind1=" " ind2=" ">
      <subfield code="a">1848610629</subfield>
    </datafield>
    <datafield tag="035" ind1=" " ind2=" ">
      <subfield code="a">(OCoLC)406149586</subfield>
    </datafield>
    <datafield tag="035" ind1=" " ind2=" ">
      <subfield code="a">(UkOxBHB)L5829377</subfield>
    </datafield>
    <datafield tag="035" ind1=" " ind2=" ">
      <subfield code="a">5955249</subfield>
    </datafield>
    <datafield tag="035" ind1=" " ind2=" ">
      <subfield code="a">(NjP)5955249-princetondb</subfield>
    </datafield>
    <datafield tag="040" ind1=" " ind2=" ">
      <subfield code="a">UkOxBHB</subfield>
      <subfield code="c">UkOxBHB</subfield>
      <subfield code="d">NjP</subfield>
    </datafield>
    <datafield tag="042" ind1=" " ind2=" ">
      <subfield code="a">pcc</subfield>
    </datafield>
    <datafield tag="050" ind1=" " ind2=" ">
      <subfield code="a">PR6068.O1965</subfield>
      <subfield code="b">S647 2009</subfield>
    </datafield>
    <datafield tag="082" ind1=" " ind2=" ">
      <subfield code="a">820.8009</subfield>
    </datafield>
    <datafield tag="100" ind1="1" ind2=" ">
      <subfield code="a">Robinson, Peter,</subfield>
      <subfield code="d">1953-</subfield>
      <subfield code="0">http://id.loc.gov/authorities/names/n81125214</subfield>
    </datafield>
    <datafield tag="245" ind1="1" ind2="0">
      <subfield code="a">Spirits of the stair :</subfield>
      <subfield code="b">selected aphorisms /</subfield>
      <subfield code="c">Peter Robinson.</subfield>
    </datafield>
    <datafield tag="260" ind1=" " ind2=" ">
      <subfield code="a">Exeter :</subfield>
      <subfield code="b">Shearsman Books,</subfield>
      <subfield code="c">2009.</subfield>
    </datafield>
    <datafield tag="300" ind1=" " ind2=" ">
      <subfield code="a">149 p. ;</subfield>
      <subfield code="c">23 cm.</subfield>
    </datafield>
    <datafield tag="852" ind1="0" ind2=" ">
      <subfield code="b">firestone</subfield>
      <subfield code="c">stacks</subfield>
      <subfield code="h">PR6068.O1965</subfield>
      <subfield code="i">S647 2009</subfield>
      <subfield code="8">22751909580006421</subfield>
    </datafield>
  </record>