
  <record>
    <leader>00752dam a2200241 a 4500</leader>
    <controlfield tag="005">20200925235853.0</controlfield>
    <controlfield tag="008">091010s2009    nyu           000 f eng c</controlfield>
    <controlfield tag="001">9959571453506421</controlfield>
    <datafield tag="020" ind1=" " ind2=" ">
      <subfield code="a">9780316018937</subfield>
    </datafield>
    <datafield tag="035" ind1=" " ind2=" ">
      <subfield code="a">(OCoLC)181603172</subfield>
    </datafield>
    <datafield tag="035" ind1=" " ind2=" ">
      <subfield code="a">(OrLoB)R6807922</subfield>
    </datafield>
    <datafield tag="035" ind1=" " ind2=" ">
      <subfield code="a">5957145</subfield>
    </datafield>
    <datafield tag="035" ind1=" " ind2=" ">
      <subfield code="a">(NjP)5957145-princetondb</subfield>
    </datafield>
    <datafield tag="040" ind1=" " ind2=" ">
      <subfield code="a">OrLoB</subfield>
      <subfield code="c">OrLoB</subfield>
      <subfield code="d">NjP</subfield>
    </datafield>
    <datafield tag="042" ind1=" " ind2=" ">
      <subfield code="a">pcc</subfield>
    </datafield>
    <datafield tag="050" ind1=" " ind2="4">
      <subfield code="a">PR6116.A46</subfield>
      <subfield code="b">R42 2009</subfield>
    </datafield>
    <datafield tag="100" ind1="1" ind2=" ">
      <subfield code="a">Palmer, Philip,</subfield>
      <subfield code="d">1960-</subfield>
      <subfield code="0">http://id.loc.gov/authorities/names/no2008038085</subfield>
    </datafield>
    <datafield tag="245" ind1="1" ind2="0">
      <subfield code="a">Red claw /</subfield>
      <subfield code="c">Philip Palmer.</subfield>
    </datafield>
    <datafield tag="250" ind1=" " ind2=" ">
      <subfield code="a">1st U.S. ed.</subfield>
    </datafield>
    <datafield tag="260" ind1=" " ind2=" ">
      <subfield code="a">New York :</subfield>
      <subfield code="b">Orbit Books,</subfield>
      <subfield code="c">2009.</subfield>
    </datafield>
    <datafield tag="300" ind1=" " ind2=" ">
      <subfield code="a">452 p. ;</subfield>
      <subfield code="c">21 cm.</subfield>
    </datafield>
    <datafield tag="655" ind1=" " ind2="7">
      <subfield code="a">Novels.</subfield>
      <subfield code="2">lcgft</subfield>
      <subfield code="0">http://id.loc.gov/authorities/genreForms/gf2015026020</subfield>
    </datafield>
    <datafield tag="852" ind1="0" ind2=" ">
      <subfield code="b">firestone</subfield>
      <subfield code="c">stacks</subfield>
      <subfield code="h">PR6116.A46</subfield>
      <subfield code="i">R42 2009</subfield>
      <subfield code="8">22688030700006421</subfield>
    </datafield>
  </record>