
  <record>
    <leader>02126dam a22003734a 4500</leader>
    <controlfield tag="005">20200926000211.0</controlfield>
    <controlfield tag="008">090504s2009    nyuaf    b    001 0ceng  </controlfield>
    <controlfield tag="001">9959599983506421</controlfield>
    <datafield tag="010" ind1=" " ind2=" ">
      <subfield code="a">  2009017670</subfield>
    </datafield>
    <datafield tag="035" ind1=" " ind2=" ">
      <subfield code="a">(OCoLC)ocn311777369</subfield>
    </datafield>
    <datafield tag="035" ind1=" " ind2=" ">
      <subfield code="a">5959998</subfield>
    </datafield>
    <datafield tag="035" ind1=" " ind2=" ">
      <subfield code="a">(OCoLC)311777369</subfield>
    </datafield>
    <datafield tag="035" ind1=" " ind2=" ">
      <subfield code="a">(NjP)5959998-princetondb</subfield>
    </datafield>
    <datafield tag="040" ind1=" " ind2=" ">
      <subfield code="a">DLC</subfield>
      <subfield code="c">DLC</subfield>
      <subfield code="d">BTCTA</subfield>
      <subfield code="d">UPZ</subfield>
      <subfield code="d">OEM</subfield>
      <subfield code="d">C#P</subfield>
      <subfield code="d">ABG</subfield>
    </datafield>
    <datafield tag="020" ind1=" " ind2=" ">
      <subfield code="a">9780451228192 :</subfield>
      <subfield code="c">$24.95</subfield>
    </datafield>
    <datafield tag="020" ind1=" " ind2=" ">
      <subfield code="a">0451228197</subfield>
    </datafield>
    <datafield tag="043" ind1=" " ind2=" ">
      <subfield code="a">n-us---</subfield>
      <subfield code="a">n-us-ny</subfield>
    </datafield>
    <datafield tag="050" ind1="0" ind2="0">
      <subfield code="a">GV865.L32</subfield>
      <subfield code="b">P36 2009</subfield>
    </datafield>
    <datafield tag="082" ind1="0" ind2="0">
      <subfield code="a">796.357092</subfield>
      <subfield code="a">B</subfield>
      <subfield code="2">22</subfield>
    </datafield>
    <datafield tag="082" ind1="0" ind2="4">
      <subfield code="a">796.357646</subfield>
      <subfield code="2">22</subfield>
    </datafield>
    <datafield tag="100" ind1="1" ind2=" ">
      <subfield code="a">Paper, Lewis J.</subfield>
      <subfield code="0">http://id.loc.gov/authorities/names/n79148971</subfield>
    </datafield>
    <datafield tag="245" ind1="1" ind2="0">
      <subfield code="a">Perfect :</subfield>
      <subfield code="b">Don Larsen's miraculous World Series game and the men who made it happen /</subfield>
      <subfield code="c">Lew Paper.</subfield>
    </datafield>
    <datafield tag="246" ind1="3" ind2="0">
      <subfield code="a">Don Larsen's miraculous World Series game and the men who made it happen</subfield>
    </datafield>
    <datafield tag="260" ind1=" " ind2=" ">
      <subfield code="a">New York, N.Y. :</subfield>
      <subfield code="b">New American Library,</subfield>
      <subfield code="c">c2009.</subfield>
    </datafield>
    <datafield tag="300" ind1=" " ind2=" ">
      <subfield code="a">421 p., [16] p. of plates :</subfield>
      <subfield code="b">ill. ;</subfield>
      <subfield code="c">24 cm.</subfield>
    </datafield>
    <datafield tag="504" ind1=" " ind2=" ">
      <subfield code="a">Includes bibliographical references (p. 365-405) and index.</subfield>
    </datafield>
    <datafield tag="520" ind1=" " ind2=" ">
      <subfield code="a">Don Larsen's perfect game in the 1956 World Series between the New York Yankees and the Brooklyn Dodgers remains the only no-hit game in World Series history. Drawing upon oral histories, contemporaneous articles, and dozens of interviews with commentators and players (including all of the surviving players for the Dodgers and Yankees), Lew Paper brings that extraordinary event to life with a pitch-by-pitch narrative that incorporates profiles of the 19 players who were on the field that day.</subfield>
    </datafield>
    <datafield tag="600" ind1="1" ind2="0">
      <subfield code="a">Larsen, Don.</subfield>
      <subfield code="0">http://id.loc.gov/authorities/names/no96068304</subfield>
    </datafield>
    <datafield tag="650" ind1=" " ind2="0">
      <subfield code="a">Pitchers (Baseball)</subfield>
      <subfield code="z">United States</subfield>
      <subfield code="v">Biography.</subfield>
      <subfield code="0">http://id.loc.gov/authorities/subjects/sh2010106482</subfield>
    </datafield>
    <datafield tag="650" ind1=" " ind2="0">
      <subfield code="a">Perfect games (Baseball)</subfield>
      <subfield code="0">http://id.loc.gov/authorities/subjects/sh2002010024</subfield>
    </datafield>
    <datafield tag="611" ind1="2" ind2="0">
      <subfield code="a">World Series (Baseball)</subfield>
      <subfield code="d">(1956)</subfield>
    </datafield>
    <datafield tag="610" ind1="2" ind2="0">
      <subfield code="a">New York Yankees (Baseball team)</subfield>
      <subfield code="0">http://id.loc.gov/authorities/names/n81118918</subfield>
    </datafield>
    <datafield tag="650" ind1=" " ind2="0">
      <subfield code="a">Baseball players</subfield>
      <subfield code="z">United States</subfield>
      <subfield code="v">Biography.</subfield>
      <subfield code="0">http://id.loc.gov/authorities/subjects/sh2007101902</subfield>
    </datafield>
    <datafield tag="852" ind1="0" ind2=" ">
      <subfield code="b">firestone</subfield>
      <subfield code="c">stacks</subfield>
      <subfield code="h">GV865.L32</subfield>
      <subfield code="i">P36 2009</subfield>
      <subfield code="8">22695959200006421</subfield>
    </datafield>
  </record>