
  <record>
    <leader>00631dam a2200205 a 4500</leader>
    <controlfield tag="005">20200926000610.0</controlfield>
    <controlfield tag="008">091021s2009    wlk           000 0 eng d</controlfield>
    <controlfield tag="001">9959632393506421</controlfield>
    <datafield tag="020" ind1=" " ind2=" ">
      <subfield code="a">9781905762446</subfield>
    </datafield>
    <datafield tag="035" ind1=" " ind2=" ">
      <subfield code="a">(OCoLC)471818110</subfield>
    </datafield>
    <datafield tag="035" ind1=" " ind2=" ">
      <subfield code="a">(UkOxBHB)L9830137</subfield>
    </datafield>
    <datafield tag="035" ind1=" " ind2=" ">
      <subfield code="a">5963239</subfield>
    </datafield>
    <datafield tag="035" ind1=" " ind2=" ">
      <subfield code="a">(NjP)5963239-princetondb</subfield>
    </datafield>
    <datafield tag="040" ind1=" " ind2=" ">
      <subfield code="a">UkOxBHB</subfield>
      <subfield code="c">UkOxBHB</subfield>
      <subfield code="d">NjP</subfield>
    </datafield>
    <datafield tag="050" ind1=" " ind2=" ">
      <subfield code="a">PR6123.I5523</subfield>
      <subfield code="b">B44 2009</subfield>
    </datafield>
    <datafield tag="100" ind1="1" ind2=" ">
      <subfield code="a">Williams, Jeni.</subfield>
      <subfield code="0">http://id.loc.gov/authorities/names/nb98056487</subfield>
    </datafield>
    <datafield tag="245" ind1="1" ind2="0">
      <subfield code="a">Being the famous ones /</subfield>
      <subfield code="c">Jeni Williams.</subfield>
    </datafield>
    <datafield tag="260" ind1=" " ind2=" ">
      <subfield code="a">Cardigan [Wales] :</subfield>
      <subfield code="b">Parthian,</subfield>
      <subfield code="c">2009.</subfield>
    </datafield>
    <datafield tag="300" ind1=" " ind2=" ">
      <subfield code="a">75 p. ;</subfield>
      <subfield code="c">21 cm.</subfield>
    </datafield>
    <datafield tag="852" ind1="0" ind2=" ">
      <subfield code="b">firestone</subfield>
      <subfield code="c">stacks</subfield>
      <subfield code="h">PR6123.I5523</subfield>
      <subfield code="i">B44 2009</subfield>
      <subfield code="8">22520433180006421</subfield>
    </datafield>
  </record>