
  <record>
    <leader>01849dam a2200301 a 4500</leader>
    <controlfield tag="005">20200926010941.0</controlfield>
    <controlfield tag="008">090411s2009    bcca          000 0deng  </controlfield>
    <controlfield tag="001">9959943183506421</controlfield>
    <datafield tag="035" ind1=" " ind2=" ">
      <subfield code="a">5994318</subfield>
    </datafield>
    <datafield tag="035" ind1=" " ind2=" ">
      <subfield code="a">(OCoLC)ocn429726264</subfield>
      <subfield code="z">(OCoLC)ocn962201351</subfield>
      <subfield code="z">(OCoLC)ocn966399833</subfield>
    </datafield>
    <datafield tag="035" ind1=" " ind2=" ">
      <subfield code="a">(NjP)5994318-princetondb</subfield>
    </datafield>
    <datafield tag="035" ind1=" " ind2=" ">
      <subfield code="z">(OCoLC)962201351</subfield>
      <subfield code="z">(OCoLC)966399833</subfield>
    </datafield>
    <datafield tag="040" ind1=" " ind2=" ">
      <subfield code="a">NLC</subfield>
      <subfield code="b">eng</subfield>
      <subfield code="c">NLC</subfield>
      <subfield code="d">YDXCP</subfield>
      <subfield code="d">C#P</subfield>
      <subfield code="d">B@L</subfield>
      <subfield code="d">ABG</subfield>
    </datafield>
    <datafield tag="016" ind1=" " ind2=" ">
      <subfield code="a">20099045907</subfield>
    </datafield>
    <datafield tag="020" ind1=" " ind2=" ">
      <subfield code="a">9781553654872 :</subfield>
      <subfield code="c">$22.95</subfield>
    </datafield>
    <datafield tag="020" ind1=" " ind2=" ">
      <subfield code="a">1553654870</subfield>
    </datafield>
    <datafield tag="043" ind1=" " ind2=" ">
      <subfield code="a">n-cn---</subfield>
    </datafield>
    <datafield tag="050" ind1=" " ind2="4">
      <subfield code="a">GV857.S57</subfield>
      <subfield code="b">R43 2009</subfield>
    </datafield>
    <datafield tag="082" ind1="0" ind2="4">
      <subfield code="a">796.939/09</subfield>
      <subfield code="2">22</subfield>
    </datafield>
    <datafield tag="019" ind1=" " ind2=" ">
      <subfield code="a">962201351</subfield>
      <subfield code="a">966399833</subfield>
    </datafield>
    <datafield tag="100" ind1="1" ind2=" ">
      <subfield code="a">Rebagliati, Ross,</subfield>
      <subfield code="d">1971-</subfield>
      <subfield code="0">http://id.loc.gov/authorities/names/no2010069003</subfield>
    </datafield>
    <datafield tag="245" ind1="1" ind2="0">
      <subfield code="a">Off the chain :</subfield>
      <subfield code="b">an insider's history of snowboarding /</subfield>
      <subfield code="c">Ross Rebagliati.</subfield>
    </datafield>
    <datafield tag="260" ind1=" " ind2=" ">
      <subfield code="a">Vancouver, BC ;</subfield>
      <subfield code="a">Berkeley [Calif.] :</subfield>
      <subfield code="b">Greystone Books ;</subfield>
      <subfield code="a">[Berkeley, Calif.] :</subfield>
      <subfield code="b">Distributed in the U.S. by Publishers Group West,</subfield>
      <subfield code="c">c2009.</subfield>
    </datafield>
    <datafield tag="300" ind1=" " ind2=" ">
      <subfield code="a">153 p. :</subfield>
      <subfield code="b">ill. (chiefly col.) ;</subfield>
      <subfield code="c">26 cm.</subfield>
    </datafield>
    <datafield tag="505" ind1="0" ind2=" ">
      <subfield code="a">Dropping in : the birth of snowboarding -- Looking forward : competitions and the roots of a revolution -- Image sharing : magazines and the North American boom -- Shredders on film : videos and the making of a counterculture -- Marketing boarders : superstars, sponsorships, and the commercialization of snowboarding -- Getting it together : the ISF and the International Tour -- New directions : betties and the backcountry -- Crossing over : the FIS and the fight for control of snowboarding -- Big air : the X Games and the mainstreaming of the sport -- Dope! : drugs and the 1998 Winter Olympic Games -- Ticket to ride : Salt Lake and the globalization of snowboarding.</subfield>
    </datafield>
    <datafield tag="650" ind1=" " ind2="0">
      <subfield code="a">Snowboarding</subfield>
      <subfield code="x">History.</subfield>
    </datafield>
    <datafield tag="600" ind1="1" ind2="0">
      <subfield code="a">Rebagliati, Ross,</subfield>
      <subfield code="d">1971-</subfield>
      <subfield code="0">http://id.loc.gov/authorities/names/no2010069003</subfield>
    </datafield>
    <datafield tag="650" ind1=" " ind2="0">
      <subfield code="a">Snowboarders</subfield>
      <subfield code="z">Canada</subfield>
      <subfield code="v">Biography.</subfield>
    </datafield>
    <datafield tag="852" ind1="0" ind2=" ">
      <subfield code="b">firestone</subfield>
      <subfield code="c">stacks</subfield>
      <subfield code="h">GV857.S57</subfield>
      <subfield code="i">R43 2009</subfield>
      <subfield code="8">22746155600006421</subfield>
    </datafield>
  </record>