
  <record>
    <leader>01676dam a2200349 a 4500</leader>
    <controlfield tag="005">20200927161945.0</controlfield>
    <controlfield tag="008">090122s2009    nyuaf    b    000 0beng d</controlfield>
    <controlfield tag="001">9960155683506421</controlfield>
    <datafield tag="010" ind1=" " ind2=" ">
      <subfield code="a">  2009279169</subfield>
    </datafield>
    <datafield tag="035" ind1=" " ind2=" ">
      <subfield code="a">(OCoLC)ocn299702888</subfield>
    </datafield>
    <datafield tag="035" ind1=" " ind2=" ">
      <subfield code="a">6015568</subfield>
    </datafield>
    <datafield tag="035" ind1=" " ind2=" ">
      <subfield code="a">(OCoLC)299702888</subfield>
    </datafield>
    <datafield tag="035" ind1=" " ind2=" ">
      <subfield code="a">(NjP)6015568-princetondb</subfield>
    </datafield>
    <datafield tag="040" ind1=" " ind2=" ">
      <subfield code="a">BTCTA</subfield>
      <subfield code="c">BTCTA</subfield>
      <subfield code="d">ZQP</subfield>
      <subfield code="d">YDXCP</subfield>
      <subfield code="d">CXP</subfield>
      <subfield code="d">WCM</subfield>
      <subfield code="d">LMR</subfield>
      <subfield code="d">PFO</subfield>
      <subfield code="d">UPZ</subfield>
      <subfield code="d">VP@</subfield>
      <subfield code="d">DLC</subfield>
    </datafield>
    <datafield tag="020" ind1=" " ind2=" ">
      <subfield code="a">9780061791642 :</subfield>
      <subfield code="c">$26.99</subfield>
    </datafield>
    <datafield tag="020" ind1=" " ind2=" ">
      <subfield code="a">0061791644 :</subfield>
      <subfield code="c">$26.99</subfield>
    </datafield>
    <datafield tag="043" ind1=" " ind2=" ">
      <subfield code="a">n-us---</subfield>
    </datafield>
    <datafield tag="050" ind1="1" ind2="4">
      <subfield code="a">GV865.R62</subfield>
      <subfield code="b">R634 2009</subfield>
    </datafield>
    <datafield tag="100" ind1="1" ind2=" ">
      <subfield code="a">Roberts, Selena.</subfield>
      <subfield code="0">http://id.loc.gov/authorities/names/n2005016818</subfield>
    </datafield>
    <datafield tag="245" ind1="1" ind2="0">
      <subfield code="a">A-Rod :</subfield>
      <subfield code="b">the many lives of Alex Rodriguez /</subfield>
      <subfield code="c">Selena Roberts.</subfield>
    </datafield>
    <datafield tag="246" ind1="3" ind2="0">
      <subfield code="a">Many lives of Alex Rodriguez</subfield>
    </datafield>
    <datafield tag="246" ind1="3" ind2=" ">
      <subfield code="a">Alex Rodriguez</subfield>
    </datafield>
    <datafield tag="250" ind1=" " ind2=" ">
      <subfield code="a">1st ed.</subfield>
    </datafield>
    <datafield tag="260" ind1=" " ind2=" ">
      <subfield code="a">New York, NY :</subfield>
      <subfield code="b">Harper,</subfield>
      <subfield code="c">c2009.</subfield>
    </datafield>
    <datafield tag="300" ind1=" " ind2=" ">
      <subfield code="a">255 p., [8] p. of plates :</subfield>
      <subfield code="b">col. ill. ;</subfield>
      <subfield code="c">24 cm.</subfield>
    </datafield>
    <datafield tag="504" ind1=" " ind2=" ">
      <subfield code="a">Includes bibliographical references (p. [251]-255).</subfield>
    </datafield>
    <datafield tag="520" ind1=" " ind2=" ">
      <subfield code="a">Through exhaustive reporting and interviews, Roberts details A-Rod as a plunge-in-progress, a once-in-a-generation baseball talent tortured by an internal struggle between the polished family man he wants to be and the unabashed hedonist he has become.</subfield>
    </datafield>
    <datafield tag="600" ind1="1" ind2="0">
      <subfield code="a">Rodriguez, Alex,</subfield>
      <subfield code="d">1975-</subfield>
      <subfield code="0">http://id.loc.gov/authorities/names/n98015351</subfield>
    </datafield>
    <datafield tag="650" ind1=" " ind2="0">
      <subfield code="a">Baseball players</subfield>
      <subfield code="z">United States</subfield>
      <subfield code="v">Biography.</subfield>
      <subfield code="0">http://id.loc.gov/authorities/subjects/sh2007101902</subfield>
    </datafield>
    <datafield tag="856" ind1="4" ind2="2">
      <subfield code="3">Contributor biographical information</subfield>
      <subfield code="u">http://www.loc.gov/catdir/enhancements/fy1001/2009279169-b.html</subfield>
    </datafield>
    <datafield tag="856" ind1="4" ind2="2">
      <subfield code="3">Publisher description</subfield>
      <subfield code="u">http://www.loc.gov/catdir/enhancements/fy1001/2009279169-d.html</subfield>
    </datafield>
    <datafield tag="852" ind1="0" ind2=" ">
      <subfield code="b">firestone</subfield>
      <subfield code="c">stacks</subfield>
      <subfield code="h">GV865.R62</subfield>
      <subfield code="i">R634 2009</subfield>
      <subfield code="8">22619640870006421</subfield>
    </datafield>
  </record>