
  <record>
    <leader>01363dam a2200349 a 4500</leader>
    <controlfield tag="005">20200927125053.0</controlfield>
    <controlfield tag="006">innnn        p  n </controlfield>
    <controlfield tag="008">100113s2009    onc           000 0 eng  </controlfield>
    <controlfield tag="001">9960458513506421</controlfield>
    <datafield tag="010" ind1=" " ind2=" ">
      <subfield code="a">  2009366976</subfield>
    </datafield>
    <datafield tag="035" ind1=" " ind2=" ">
      <subfield code="a">(OCoLC)ocn394983093</subfield>
    </datafield>
    <datafield tag="035" ind1=" " ind2=" ">
      <subfield code="a">6045851</subfield>
    </datafield>
    <datafield tag="035" ind1=" " ind2=" ">
      <subfield code="a">(OCoLC)394983093</subfield>
    </datafield>
    <datafield tag="035" ind1=" " ind2=" ">
      <subfield code="a">(NjP)6045851-princetondb</subfield>
    </datafield>
    <datafield tag="040" ind1=" " ind2=" ">
      <subfield code="a">NLC</subfield>
      <subfield code="c">NLC</subfield>
      <subfield code="d">DLC</subfield>
      <subfield code="d">BTCTA</subfield>
      <subfield code="d">CDX</subfield>
      <subfield code="d">YDXCP</subfield>
      <subfield code="d">WCM</subfield>
    </datafield>
    <datafield tag="020" ind1=" " ind2=" ">
      <subfield code="a">9781894770583 (pbk.)</subfield>
    </datafield>
    <datafield tag="020" ind1=" " ind2=" ">
      <subfield code="a">1894770587 (pbk.)</subfield>
    </datafield>
    <datafield tag="042" ind1=" " ind2=" ">
      <subfield code="a">lccopycat</subfield>
    </datafield>
    <datafield tag="050" ind1="0" ind2="0">
      <subfield code="a">PR9199.4.M836</subfield>
      <subfield code="b">N84 2009</subfield>
    </datafield>
    <datafield tag="055" ind1=" " ind2="0">
      <subfield code="a">PS8626 U37</subfield>
      <subfield code="b">N83 2009</subfield>
    </datafield>
    <datafield tag="082" ind1="0" ind2="4">
      <subfield code="a">C811/.6</subfield>
      <subfield code="2">22</subfield>
    </datafield>
    <datafield tag="100" ind1="1" ind2=" ">
      <subfield code="a">Muir, Michelle.</subfield>
    </datafield>
    <datafield tag="245" ind1="1" ind2="0">
      <subfield code="a">Nuff said /</subfield>
      <subfield code="c">Michelle Muir.</subfield>
    </datafield>
    <datafield tag="246" ind1="3" ind2=" ">
      <subfield code="a">Enough said</subfield>
    </datafield>
    <datafield tag="260" ind1=" " ind2=" ">
      <subfield code="a">Toronto :</subfield>
      <subfield code="b">TSAR Publications,</subfield>
      <subfield code="c">c2009.</subfield>
    </datafield>
    <datafield tag="300" ind1=" " ind2=" ">
      <subfield code="a">97 p. ;</subfield>
      <subfield code="c">23 cm.</subfield>
      <subfield code="e">+ 1 sound disc (4 3/4 in.)</subfield>
    </datafield>
    <datafield tag="500" ind1=" " ind2=" ">
      <subfield code="a">1 sound disc in pocket.</subfield>
    </datafield>
    <datafield tag="500" ind1=" " ind2=" ">
      <subfield code="a">Credits for accompanying CD: executive producer, Michelle Muir ; lyrics written by Michelle Muir ; music produced by Tone Mason (A. Brown, A. McIntyre).</subfield>
    </datafield>
    <datafield tag="505" ind1="8" ind2=" ">
      <subfield code="a">On CD: Nuff said -- The thread -- Jarvis St. 4:30 AM (Shugga's rap) -- N -- Lapses in our synapses -- Jazzzzzzzzz -- Sunday kind of love -- Ain't that some shit? -- My fantastic voyage to Planet Irresistible.</subfield>
    </datafield>
    <datafield tag="650" ind1=" " ind2="0">
      <subfield code="a">Canadian poetry</subfield>
      <subfield code="y">21st century.</subfield>
    </datafield>
    <datafield tag="710" ind1="2" ind2=" ">
      <subfield code="a">Tone Mason (Musical group)</subfield>
    </datafield>
    <datafield tag="852" ind1="0" ind2=" ">
      <subfield code="b">firestone</subfield>
      <subfield code="c">stacks</subfield>
      <subfield code="h">PR9199.4.M836</subfield>
      <subfield code="i">N84 2009</subfield>
      <subfield code="8">22615638890006421</subfield>
    </datafield>
  </record>