
  <record>
    <leader>01147dam a2200313 a 4500</leader>
    <controlfield tag="005">20200927125124.0</controlfield>
    <controlfield tag="008">100203s2010    enk           000 f eng  </controlfield>
    <controlfield tag="001">9960465133506421</controlfield>
    <datafield tag="035" ind1=" " ind2=" ">
      <subfield code="a">(OCoLC)ocn465368345</subfield>
    </datafield>
    <datafield tag="035" ind1=" " ind2=" ">
      <subfield code="a">(UkOxBHB)L1838941</subfield>
    </datafield>
    <datafield tag="035" ind1=" " ind2=" ">
      <subfield code="a">6046513</subfield>
    </datafield>
    <datafield tag="035" ind1=" " ind2=" ">
      <subfield code="a">(OCoLC)465368345</subfield>
    </datafield>
    <datafield tag="035" ind1=" " ind2=" ">
      <subfield code="a">(NjP)6046513-princetondb</subfield>
    </datafield>
    <datafield tag="040" ind1=" " ind2=" ">
      <subfield code="a">UKM</subfield>
      <subfield code="c">UKM</subfield>
      <subfield code="d">BWKUK</subfield>
      <subfield code="d">BWK</subfield>
      <subfield code="d">YDXCP</subfield>
      <subfield code="d">CDX</subfield>
      <subfield code="d">NjP</subfield>
    </datafield>
    <datafield tag="015" ind1=" " ind2=" ">
      <subfield code="a">GBA9A9257</subfield>
      <subfield code="2">bnb</subfield>
    </datafield>
    <datafield tag="016" ind1="7" ind2=" ">
      <subfield code="a">015415676</subfield>
      <subfield code="2">Uk</subfield>
    </datafield>
    <datafield tag="020" ind1=" " ind2=" ">
      <subfield code="a">9781846590771 (pbk.)</subfield>
    </datafield>
    <datafield tag="020" ind1=" " ind2=" ">
      <subfield code="a">1846590779 (pbk.)</subfield>
    </datafield>
    <datafield tag="050" ind1=" " ind2="4">
      <subfield code="a">PR6108.I4537</subfield>
      <subfield code="b">S23 2010</subfield>
    </datafield>
    <datafield tag="100" ind1="1" ind2=" ">
      <subfield code="a">Hiller, Mischa.</subfield>
      <subfield code="0">http://id.loc.gov/authorities/names/no2010036321</subfield>
    </datafield>
    <datafield tag="245" ind1="1" ind2="0">
      <subfield code="a">Sabra zoo /</subfield>
      <subfield code="c">Mischa Hiller.</subfield>
    </datafield>
    <datafield tag="260" ind1=" " ind2=" ">
      <subfield code="a">London ;</subfield>
      <subfield code="a">St. Paul, Minn. :</subfield>
      <subfield code="b">Telegram,</subfield>
      <subfield code="c">2010.</subfield>
    </datafield>
    <datafield tag="300" ind1=" " ind2=" ">
      <subfield code="a">203 p. ;</subfield>
      <subfield code="c">21 cm.</subfield>
    </datafield>
    <datafield tag="650" ind1=" " ind2="0">
      <subfield code="a">Sabra and Shatila Massacre, Lebanon, 1982</subfield>
      <subfield code="v">Fiction.</subfield>
    </datafield>
    <datafield tag="650" ind1=" " ind2="0">
      <subfield code="a">Palestinian Arabs</subfield>
      <subfield code="v">Fiction.</subfield>
      <subfield code="0">http://id.loc.gov/authorities/subjects/sh2010104981</subfield>
    </datafield>
    <datafield tag="655" ind1=" " ind2="7">
      <subfield code="a">Fiction.</subfield>
      <subfield code="2">lcgft</subfield>
      <subfield code="0">http://id.loc.gov/authorities/genreForms/gf2014026339</subfield>
    </datafield>
    <datafield tag="655" ind1=" " ind2="7">
      <subfield code="a">Novels.</subfield>
      <subfield code="2">lcgft</subfield>
      <subfield code="0">http://id.loc.gov/authorities/genreForms/gf2015026020</subfield>
    </datafield>
    <datafield tag="852" ind1="0" ind2=" ">
      <subfield code="b">firestone</subfield>
      <subfield code="c">stacks</subfield>
      <subfield code="h">PR6108.I4537</subfield>
      <subfield code="i">S23 2010</subfield>
      <subfield code="8">22531837860006421</subfield>
    </datafield>
  </record>