
  <record>
    <leader>00923dam a2200265 a 4500</leader>
    <controlfield tag="005">20200927131328.0</controlfield>
    <controlfield tag="008">100306s2009    cau           000 p eng c</controlfield>
    <controlfield tag="001">9960656923506421</controlfield>
    <datafield tag="020" ind1=" " ind2=" ">
      <subfield code="a">9780982427620 (pbk.)</subfield>
    </datafield>
    <datafield tag="020" ind1=" " ind2=" ">
      <subfield code="a">098242762X (pbk.)</subfield>
    </datafield>
    <datafield tag="035" ind1=" " ind2=" ">
      <subfield code="a">(OCoLC)ocn468802672</subfield>
    </datafield>
    <datafield tag="035" ind1=" " ind2=" ">
      <subfield code="a">(OCoLC)468802672</subfield>
    </datafield>
    <datafield tag="035" ind1=" " ind2=" ">
      <subfield code="a">(OrLoB)R6831850</subfield>
    </datafield>
    <datafield tag="035" ind1=" " ind2=" ">
      <subfield code="a">6065692</subfield>
    </datafield>
    <datafield tag="035" ind1=" " ind2=" ">
      <subfield code="a">(NjP)6065692-princetondb</subfield>
    </datafield>
    <datafield tag="040" ind1=" " ind2=" ">
      <subfield code="a">JHE</subfield>
      <subfield code="c">JHE</subfield>
      <subfield code="d">JHE</subfield>
      <subfield code="d">YDXCP</subfield>
      <subfield code="d">BWX</subfield>
      <subfield code="d">NjP</subfield>
    </datafield>
    <datafield tag="042" ind1=" " ind2=" ">
      <subfield code="a">pcc</subfield>
    </datafield>
    <datafield tag="050" ind1=" " ind2="4">
      <subfield code="a">PR6115.C66243</subfield>
      <subfield code="b">D56 2009</subfield>
    </datafield>
    <datafield tag="100" ind1="1" ind2=" ">
      <subfield code="a">O'Connell, Joe,</subfield>
      <subfield code="c">Dr.</subfield>
      <subfield code="0">http://id.loc.gov/authorities/names/no2002078349</subfield>
    </datafield>
    <datafield tag="245" ind1="1" ind2="0">
      <subfield code="a">Dingle day :</subfield>
      <subfield code="b">poems about music, women, drink, Kerry, cars and spirituality /</subfield>
      <subfield code="c">poems by Joe O'Connell.</subfield>
    </datafield>
    <datafield tag="260" ind1=" " ind2=" ">
      <subfield code="a">Madera, CA :</subfield>
      <subfield code="b">Poetic Matrix Press,</subfield>
      <subfield code="c">c2009.</subfield>
    </datafield>
    <datafield tag="300" ind1=" " ind2=" ">
      <subfield code="a">91 p. ;</subfield>
      <subfield code="c">23 cm.</subfield>
    </datafield>
    <datafield tag="655" ind1=" " ind2="7">
      <subfield code="a">Poetry.</subfield>
      <subfield code="2">lcgft</subfield>
      <subfield code="0">http://id.loc.gov/authorities/genreForms/gf2014026481</subfield>
    </datafield>
    <datafield tag="852" ind1="0" ind2=" ">
      <subfield code="b">firestone</subfield>
      <subfield code="c">stacks</subfield>
      <subfield code="h">PR6115.C66243</subfield>
      <subfield code="i">D56 2009</subfield>
      <subfield code="8">22651372430006421</subfield>
    </datafield>
  </record>