
  <record>
    <leader>00972dam a22002774a 4500</leader>
    <controlfield tag="005">20200927153341.0</controlfield>
    <controlfield tag="008">100428s2010    ie            001 p eng d</controlfield>
    <controlfield tag="001">9961110873506421</controlfield>
    <datafield tag="020" ind1=" " ind2=" ">
      <subfield code="a">1904652786</subfield>
    </datafield>
    <datafield tag="020" ind1=" " ind2=" ">
      <subfield code="a">9781904652786</subfield>
    </datafield>
    <datafield tag="035" ind1=" " ind2=" ">
      <subfield code="a">(UkOxBHB)L4845734</subfield>
    </datafield>
    <datafield tag="035" ind1=" " ind2=" ">
      <subfield code="a">6111087</subfield>
    </datafield>
    <datafield tag="035" ind1=" " ind2=" ">
      <subfield code="a">(OCoLC)ocn645707724</subfield>
      <subfield code="z">(OCoLC)ocn609529188</subfield>
    </datafield>
    <datafield tag="035" ind1=" " ind2=" ">
      <subfield code="a">(NjP)6111087-princetondb</subfield>
    </datafield>
    <datafield tag="035" ind1=" " ind2=" ">
      <subfield code="z">(OCoLC)609529188</subfield>
    </datafield>
    <datafield tag="040" ind1=" " ind2=" ">
      <subfield code="a">UkOxBHB</subfield>
      <subfield code="c">UkOxBHB</subfield>
      <subfield code="d">NIC</subfield>
      <subfield code="d">NjP</subfield>
    </datafield>
    <datafield tag="090" ind1=" " ind2=" ">
      <subfield code="a">PR6069.M87</subfield>
      <subfield code="b">M37 2010</subfield>
    </datafield>
    <datafield tag="019" ind1=" " ind2=" ">
      <subfield code="a">609529188</subfield>
    </datafield>
    <datafield tag="100" ind1="1" ind2=" ">
      <subfield code="a">Smyth, Damian,</subfield>
      <subfield code="d">1962-</subfield>
      <subfield code="0">http://id.loc.gov/authorities/names/no96031717</subfield>
    </datafield>
    <datafield tag="245" ind1="1" ind2="0">
      <subfield code="a">Market Street /</subfield>
      <subfield code="c">Damian Smyth.</subfield>
    </datafield>
    <datafield tag="260" ind1=" " ind2=" ">
      <subfield code="a">Belfast :</subfield>
      <subfield code="b">Lagan Press,</subfield>
      <subfield code="c">2010.</subfield>
    </datafield>
    <datafield tag="300" ind1=" " ind2=" ">
      <subfield code="a">87, [44] p. ;</subfield>
      <subfield code="c">21 cm.</subfield>
    </datafield>
    <datafield tag="500" ind1=" " ind2=" ">
      <subfield code="a">Includes indexes.</subfield>
    </datafield>
    <datafield tag="651" ind1=" " ind2="0">
      <subfield code="a">Down (Northern Ireland : County)</subfield>
      <subfield code="v">Poetry.</subfield>
    </datafield>
    <datafield tag="655" ind1=" " ind2="7">
      <subfield code="a">Poetry.</subfield>
      <subfield code="2">lcgft</subfield>
      <subfield code="0">http://id.loc.gov/authorities/genreForms/gf2014026481</subfield>
    </datafield>
    <datafield tag="655" ind1=" " ind2="7">
      <subfield code="a">Poetry.</subfield>
      <subfield code="2">lcgft</subfield>
      <subfield code="0">http://id.loc.gov/authorities/genreForms/gf2014026481</subfield>
    </datafield>
    <datafield tag="852" ind1="0" ind2=" ">
      <subfield code="b">firestone</subfield>
      <subfield code="c">stacks</subfield>
      <subfield code="h">PR6069.M87</subfield>
      <subfield code="i">M37 2010</subfield>
      <subfield code="8">22493456960006421</subfield>
    </datafield>
  </record>