
  <record>
    <leader>02706dam a2200301 a 4500</leader>
    <controlfield tag="005">20200927154037.0</controlfield>
    <controlfield tag="008">100510s2009    bl ac    b    000 0 por c</controlfield>
    <controlfield tag="001">9961204873506421</controlfield>
    <datafield tag="035" ind1=" " ind2=" ">
      <subfield code="a">(OCoLC)ocn652059432</subfield>
    </datafield>
    <datafield tag="035" ind1=" " ind2=" ">
      <subfield code="a">6120487</subfield>
    </datafield>
    <datafield tag="035" ind1=" " ind2=" ">
      <subfield code="a">(OCoLC)652059432</subfield>
    </datafield>
    <datafield tag="035" ind1=" " ind2=" ">
      <subfield code="a">(NjP)6120487-princetondb</subfield>
    </datafield>
    <datafield tag="040" ind1=" " ind2=" ">
      <subfield code="a">TJC</subfield>
      <subfield code="c">TJC</subfield>
      <subfield code="d">BLBSF</subfield>
    </datafield>
    <datafield tag="020" ind1=" " ind2=" ">
      <subfield code="a">9788571399891</subfield>
    </datafield>
    <datafield tag="020" ind1=" " ind2=" ">
      <subfield code="a">8571399891</subfield>
    </datafield>
    <datafield tag="042" ind1=" " ind2=" ">
      <subfield code="a">pcc</subfield>
    </datafield>
    <datafield tag="043" ind1=" " ind2=" ">
      <subfield code="a">s-bl---</subfield>
    </datafield>
    <datafield tag="050" ind1=" " ind2="4">
      <subfield code="a">GV597</subfield>
      <subfield code="b">.H578 2009</subfield>
    </datafield>
    <datafield tag="245" ind1="0" ind2="0">
      <subfield code="a">História do esporte no Brasil :</subfield>
      <subfield code="b">do Império aos dias atuais /</subfield>
      <subfield code="c">Mary Del Priore, Victor Andrade de Melo, orgs.</subfield>
    </datafield>
    <datafield tag="260" ind1=" " ind2=" ">
      <subfield code="a">São Paulo, SP :</subfield>
      <subfield code="b">Editora UNESP,</subfield>
      <subfield code="c">c2009.</subfield>
    </datafield>
    <datafield tag="300" ind1=" " ind2=" ">
      <subfield code="a">566 p. :</subfield>
      <subfield code="b">ill., ports. ;</subfield>
      <subfield code="c">23 cm.</subfield>
    </datafield>
    <datafield tag="504" ind1=" " ind2=" ">
      <subfield code="a">Includes bibliographical references.</subfield>
    </datafield>
    <datafield tag="505" ind1="0" ind2=" ">
      <subfield code="a">"Jogos de cavalheiros" : as atividades físicas antes da chegada do esporte / Mary Del Priore -- Das touradas às corridas de cavalo e regatas : primeiros momentos da configuração do campo esportivo no Brasil / Victor Andrade de Melo -- Corpos, bicicletas e automóveis : outros esportes na transição dos séculos XIX e XX / Victor Andrade de Melo -- A futura paixão nacional : chega o futebol / Fabio Franzini -- Da arte da ciência de movimentar-se : primeiros momentos da ginástica no Brasil / Carmen Lucia Soares -- Tensões na consolidação do futebol nacional / Ricardo Pinto dos Santos -- O esporte como política de estado : Vargas / Maurício Drumond -- No caminho do esporte : a saga da capoeira no século XX / Carlos Eugenio Líbano Soares, Frederico José de Abreu -- Imagens da mulher no esporte / Silvana Vilodre Goellner -- O Brasil no cenário internacional : Jogos Olímpicos e Copas do Mundo / Plínio Labriola Negreiros -- Esporte e escola : astúcias na "energização do caráter" dos brasileiros / Meily Assbú Linhales -- Novas conformações do campo esportivo : os esportes na natureza / Cleber Augusto Gonçalves Dias -- O esporte brasileiro em tempos de exceção : sob a égide da ditadura (1964-1985) / Marcus Aurelio Taborda de Oliveira -- Os anos 80, a juventude e os esportes radicais / Rafael Fortes -- Futebol e identidade nacioanl : reflexões sobre o Brasil / Simoni Lahud Guedes -- Esporte, globalização e negócios : o Brasil dos dias de hoje / Antonio Jorge Gonçalves Soares, Alexandre Fernandez Vaz -- Globalização e espetáculo : o Brasil dos megaeventos esportivos / Gilmar Mascarenhas.</subfield>
    </datafield>
    <datafield tag="650" ind1=" " ind2="0">
      <subfield code="a">Sports</subfield>
      <subfield code="z">Brazil</subfield>
      <subfield code="x">History.</subfield>
    </datafield>
    <datafield tag="700" ind1="1" ind2=" ">
      <subfield code="a">Del Priore, Mary.</subfield>
      <subfield code="0">http://id.loc.gov/authorities/names/n89617326</subfield>
    </datafield>
    <datafield tag="700" ind1="1" ind2=" ">
      <subfield code="a">Melo, Victor Andrade de,</subfield>
      <subfield code="d">1971-</subfield>
      <subfield code="0">http://id.loc.gov/authorities/names/nr2001042757</subfield>
    </datafield>
    <datafield tag="852" ind1="0" ind2=" ">
      <subfield code="b">firestone</subfield>
      <subfield code="c">stacks</subfield>
      <subfield code="h">GV597</subfield>
      <subfield code="i">.H578 2009</subfield>
      <subfield code="8">22556710290006421</subfield>
    </datafield>
  </record>