
  <record>
    <leader>01435dam a22003134a 4500</leader>
    <controlfield tag="005">20200927155553.0</controlfield>
    <controlfield tag="008">090806s2008    au a     bcd  000 0cger  </controlfield>
    <controlfield tag="001">9961321043506421</controlfield>
    <datafield tag="010" ind1=" " ind2=" ">
      <subfield code="a">  2009447876</subfield>
    </datafield>
    <datafield tag="035" ind1=" " ind2=" ">
      <subfield code="a">(OCoLC)ocn265717336</subfield>
    </datafield>
    <datafield tag="035" ind1=" " ind2=" ">
      <subfield code="a">6132104</subfield>
    </datafield>
    <datafield tag="035" ind1=" " ind2=" ">
      <subfield code="a">(OCoLC)265717336</subfield>
    </datafield>
    <datafield tag="035" ind1=" " ind2=" ">
      <subfield code="a">(NjP)6132104-princetondb</subfield>
    </datafield>
    <datafield tag="040" ind1=" " ind2=" ">
      <subfield code="a">DLC</subfield>
      <subfield code="c">DLC</subfield>
    </datafield>
    <datafield tag="020" ind1=" " ind2=" ">
      <subfield code="a">9783854762652</subfield>
    </datafield>
    <datafield tag="020" ind1=" " ind2=" ">
      <subfield code="a">3854762658</subfield>
    </datafield>
    <datafield tag="043" ind1=" " ind2=" ">
      <subfield code="a">e-au---</subfield>
    </datafield>
    <datafield tag="050" ind1="0" ind2="0">
      <subfield code="a">GV697.A1</subfield>
      <subfield code="b">K66 2008</subfield>
    </datafield>
    <datafield tag="100" ind1="1" ind2=" ">
      <subfield code="a">Körner, Ignaz Hermann,</subfield>
      <subfield code="d">1867-1944.</subfield>
      <subfield code="0">http://id.loc.gov/authorities/names/nb2009017708</subfield>
    </datafield>
    <datafield tag="245" ind1="1" ind2="0">
      <subfield code="a">Lexikon jüdischer Sportler in Wien 1900-1938 /</subfield>
      <subfield code="c">Ignaz Hermann Körner ; herausgegeben und editiert von Marcus G. Patka im Auftrag des Jüdischen Museums der Stadt Wien.</subfield>
    </datafield>
    <datafield tag="260" ind1=" " ind2=" ">
      <subfield code="a">Wien :</subfield>
      <subfield code="b">Mandelbaum Verlag,</subfield>
      <subfield code="c">c2008.</subfield>
    </datafield>
    <datafield tag="300" ind1=" " ind2=" ">
      <subfield code="a">237 p. :</subfield>
      <subfield code="b">ill. ;</subfield>
      <subfield code="c">24 cm.</subfield>
    </datafield>
    <datafield tag="500" ind1=" " ind2=" ">
      <subfield code="a">"Begleitpublikation zur Ausstellung "100 Jahre Hoppauf Hakoah" des Jüdischen Museums der Stadt Wien von 4. Juni bis 7. September 2008"--T.p. verso.</subfield>
    </datafield>
    <datafield tag="504" ind1=" " ind2=" ">
      <subfield code="a">Includes bibliographical references.</subfield>
    </datafield>
    <datafield tag="650" ind1=" " ind2="0">
      <subfield code="a">Jewish athletes</subfield>
      <subfield code="z">Austria</subfield>
      <subfield code="z">Vienna</subfield>
      <subfield code="v">Biography</subfield>
      <subfield code="v">Dictionaries</subfield>
      <subfield code="v">Exhibitions.</subfield>
    </datafield>
    <datafield tag="655" ind1=" " ind2="7">
      <subfield code="a">Dictionaries.</subfield>
      <subfield code="2">lcgft</subfield>
      <subfield code="0">http://id.loc.gov/authorities/genreForms/gf2014026086</subfield>
    </datafield>
    <datafield tag="700" ind1="1" ind2=" ">
      <subfield code="a">Patka, Marcus G.</subfield>
      <subfield code="0">http://id.loc.gov/authorities/names/n97077444</subfield>
    </datafield>
    <datafield tag="710" ind1="2" ind2=" ">
      <subfield code="a">Jüdisches Museum der Stadt Wien.</subfield>
      <subfield code="0">http://id.loc.gov/authorities/names/n92114008</subfield>
    </datafield>
    <datafield tag="852" ind1="0" ind2=" ">
      <subfield code="b">firestone</subfield>
      <subfield code="c">stacks</subfield>
      <subfield code="h">GV697.A1</subfield>
      <subfield code="i">K66 2008</subfield>
      <subfield code="8">22603780200006421</subfield>
    </datafield>
  </record>