
  <record>
    <leader>01131dam a2200301 a 4500</leader>
    <controlfield tag="005">20200927133601.0</controlfield>
    <controlfield tag="008">100408s2010    fr       b    000 0 fre c</controlfield>
    <controlfield tag="001">9961840803506421</controlfield>
    <datafield tag="010" ind1=" " ind2=" ">
      <subfield code="a">  2010442272</subfield>
    </datafield>
    <datafield tag="035" ind1=" " ind2=" ">
      <subfield code="a">(OCoLC)ocn607472958</subfield>
    </datafield>
    <datafield tag="035" ind1=" " ind2=" ">
      <subfield code="a">6184080</subfield>
    </datafield>
    <datafield tag="035" ind1=" " ind2=" ">
      <subfield code="a">(OCoLC)607472958</subfield>
    </datafield>
    <datafield tag="035" ind1=" " ind2=" ">
      <subfield code="a">(NjP)6184080-princetondb</subfield>
    </datafield>
    <datafield tag="040" ind1=" " ind2=" ">
      <subfield code="a">TZT</subfield>
      <subfield code="c">TZT</subfield>
      <subfield code="d">DLC</subfield>
      <subfield code="d">CGU</subfield>
      <subfield code="d">AUXAM</subfield>
    </datafield>
    <datafield tag="020" ind1=" " ind2=" ">
      <subfield code="a">9782758803126</subfield>
    </datafield>
    <datafield tag="020" ind1=" " ind2=" ">
      <subfield code="a">2758803127</subfield>
    </datafield>
    <datafield tag="042" ind1=" " ind2=" ">
      <subfield code="a">pcc</subfield>
    </datafield>
    <datafield tag="050" ind1="0" ind2="0">
      <subfield code="a">GV721.5</subfield>
      <subfield code="b">.L88 2010</subfield>
    </datafield>
    <datafield tag="100" ind1="1" ind2=" ">
      <subfield code="a">Lunzenfichter, Alain,</subfield>
      <subfield code="d">1949-</subfield>
      <subfield code="0">http://id.loc.gov/authorities/names/n79037463</subfield>
    </datafield>
    <datafield tag="245" ind1="1" ind2="0">
      <subfield code="a">Athènes (1896)-- Rio (2016) :</subfield>
      <subfield code="b">choix épiques des villes olympiques /</subfield>
      <subfield code="c">Alain Lunzenfichter ; préface de Claude Bébéar.</subfield>
    </datafield>
    <datafield tag="246" ind1="1" ind2="8">
      <subfield code="a">Athènes Rio</subfield>
    </datafield>
    <datafield tag="260" ind1=" " ind2=" ">
      <subfield code="a">[Biarritz] :</subfield>
      <subfield code="b">Atlantica,</subfield>
      <subfield code="c">[c2010]</subfield>
    </datafield>
    <datafield tag="300" ind1=" " ind2=" ">
      <subfield code="a">442 p. ;</subfield>
      <subfield code="c">21 cm.</subfield>
    </datafield>
    <datafield tag="440" ind1=" " ind2="0">
      <subfield code="a">Coulisses de l'olympisme</subfield>
    </datafield>
    <datafield tag="504" ind1=" " ind2=" ">
      <subfield code="a">Includes bibliographical references (p. [441]-442).</subfield>
    </datafield>
    <datafield tag="650" ind1=" " ind2="0">
      <subfield code="a">Olympic host city selection.</subfield>
      <subfield code="0">http://id.loc.gov/authorities/subjects/sh2006004299</subfield>
    </datafield>
    <datafield tag="650" ind1=" " ind2="0">
      <subfield code="a">Olympics</subfield>
      <subfield code="x">History.</subfield>
      <subfield code="0">http://id.loc.gov/authorities/subjects/sh2008108647</subfield>
    </datafield>
    <datafield tag="852" ind1="0" ind2=" ">
      <subfield code="b">firestone</subfield>
      <subfield code="c">stacks</subfield>
      <subfield code="h">GV721.5</subfield>
      <subfield code="i">.L88 2010</subfield>
      <subfield code="8">22533473630006421</subfield>
    </datafield>
  </record>