
  <record>
    <leader>02201dam a2200349 a 4500</leader>
    <controlfield tag="005">20200927173646.0</controlfield>
    <controlfield tag="008">091112s2010    nyua     b    001 0beng  </controlfield>
    <controlfield tag="001">9963212633506421</controlfield>
    <datafield tag="010" ind1=" " ind2=" ">
      <subfield code="a">  2009047988</subfield>
    </datafield>
    <datafield tag="035" ind1=" " ind2=" ">
      <subfield code="a">(OCoLC)ocn419856264</subfield>
    </datafield>
    <datafield tag="035" ind1=" " ind2=" ">
      <subfield code="a">6321263</subfield>
    </datafield>
    <datafield tag="035" ind1=" " ind2=" ">
      <subfield code="a">(OCoLC)419856264</subfield>
    </datafield>
    <datafield tag="035" ind1=" " ind2=" ">
      <subfield code="a">(NjP)6321263-princetondb</subfield>
    </datafield>
    <datafield tag="040" ind1=" " ind2=" ">
      <subfield code="a">DLC</subfield>
      <subfield code="c">DLC</subfield>
      <subfield code="d">IG#</subfield>
      <subfield code="d">BTCTA</subfield>
      <subfield code="d">BPL</subfield>
      <subfield code="d">ZQP</subfield>
      <subfield code="d">ZS3</subfield>
      <subfield code="d">JQF</subfield>
      <subfield code="d">BUR</subfield>
      <subfield code="d">YDXCP</subfield>
      <subfield code="d">CDX</subfield>
      <subfield code="d">VP@</subfield>
      <subfield code="d">IGP</subfield>
    </datafield>
    <datafield tag="020" ind1=" " ind2=" ">
      <subfield code="a">9780061562389</subfield>
    </datafield>
    <datafield tag="020" ind1=" " ind2=" ">
      <subfield code="a">0061562386</subfield>
    </datafield>
    <datafield tag="043" ind1=" " ind2=" ">
      <subfield code="a">n-us---</subfield>
      <subfield code="a">n-us-ny</subfield>
    </datafield>
    <datafield tag="050" ind1="0" ind2="0">
      <subfield code="a">GV865.J32</subfield>
      <subfield code="b">P47 2010</subfield>
    </datafield>
    <datafield tag="082" ind1="0" ind2="0">
      <subfield code="a">796.357092</subfield>
      <subfield code="a">B</subfield>
      <subfield code="2">22</subfield>
    </datafield>
    <datafield tag="100" ind1="1" ind2=" ">
      <subfield code="a">Perry, Dayn,</subfield>
      <subfield code="d">1972-</subfield>
      <subfield code="0">http://id.loc.gov/authorities/names/n2005041432</subfield>
    </datafield>
    <datafield tag="245" ind1="1" ind2="0">
      <subfield code="a">Reggie Jackson :</subfield>
      <subfield code="b">the life and thunderous career of baseball's Mr. October /</subfield>
      <subfield code="c">Dayn Perry.</subfield>
    </datafield>
    <datafield tag="250" ind1=" " ind2=" ">
      <subfield code="a">1st ed.</subfield>
    </datafield>
    <datafield tag="260" ind1=" " ind2=" ">
      <subfield code="a">New York, NY :</subfield>
      <subfield code="b">William Morrow,</subfield>
      <subfield code="c">c2010.</subfield>
    </datafield>
    <datafield tag="300" ind1=" " ind2=" ">
      <subfield code="a">viii, 326 p. :</subfield>
      <subfield code="b">ill. ;</subfield>
      <subfield code="c">24 cm.</subfield>
    </datafield>
    <datafield tag="504" ind1=" " ind2=" ">
      <subfield code="a">Includes bibliographical references (p. [295]-311) and index.</subfield>
    </datafield>
    <datafield tag="520" ind1=" " ind2=" ">
      <subfield code="a">Baseball Hall of Famer Reggie Jackson earned the nickname "Mr. October" for the crucial clutch hitting that led his teams to the World Series six times and won him two series MVP awards, and this skill at the plate is perhaps what he is best remembered for. But behind the bat was a man many don't know--a man struggling to find his place in the world, at home, and in the sport that made him a star. Now, in the first biography of Jackson in more than 25 years--and the first to cover his entire career as a player--FOXSports.com columnist Dayn Perry provides an intimate, honest, and never-before-seen glimpse into the life and times of one of baseball's all-time greats.--From publisher description.</subfield>
    </datafield>
    <datafield tag="600" ind1="1" ind2="0">
      <subfield code="a">Jackson, Reggie.</subfield>
      <subfield code="0">http://id.loc.gov/authorities/names/n78092861</subfield>
    </datafield>
    <datafield tag="650" ind1=" " ind2="0">
      <subfield code="a">Baseball players</subfield>
      <subfield code="z">United States</subfield>
      <subfield code="v">Biography.</subfield>
      <subfield code="0">http://id.loc.gov/authorities/subjects/sh2007101902</subfield>
    </datafield>
    <datafield tag="610" ind1="2" ind2="0">
      <subfield code="a">New York Yankees (Baseball team)</subfield>
      <subfield code="0">http://id.loc.gov/authorities/names/n81118918</subfield>
    </datafield>
    <datafield tag="856" ind1="4" ind2="2">
      <subfield code="3">Publisher description</subfield>
      <subfield code="u">http://www.loc.gov/catdir/enhancements/fy1007/2009047988-d.html</subfield>
    </datafield>
    <datafield tag="856" ind1="4" ind2="2">
      <subfield code="3">Contributor biographical information</subfield>
      <subfield code="u">http://www.loc.gov/catdir/enhancements/fy1007/2009047988-b.html</subfield>
    </datafield>
    <datafield tag="852" ind1="0" ind2=" ">
      <subfield code="b">firestone</subfield>
      <subfield code="c">stacks</subfield>
      <subfield code="h">GV865.J32</subfield>
      <subfield code="i">P47 2010</subfield>
      <subfield code="8">22703474390006421</subfield>
    </datafield>
  </record>