
  <record>
    <leader>00890dam a22002654a 4500</leader>
    <controlfield tag="005">20200927174134.0</controlfield>
    <controlfield tag="008">100527s2010    enk           001 p eng d</controlfield>
    <controlfield tag="001">9963278973506421</controlfield>
    <datafield tag="035" ind1=" " ind2=" ">
      <subfield code="a">6327897</subfield>
    </datafield>
    <datafield tag="035" ind1=" " ind2=" ">
      <subfield code="a">(OCoLC)ocn642289829</subfield>
      <subfield code="z">(OCoLC)ocn515407277</subfield>
    </datafield>
    <datafield tag="035" ind1=" " ind2=" ">
      <subfield code="a">(NjP)6327897-princetondb</subfield>
    </datafield>
    <datafield tag="035" ind1=" " ind2=" ">
      <subfield code="z">(OCoLC)515407277</subfield>
    </datafield>
    <datafield tag="040" ind1=" " ind2=" ">
      <subfield code="a">StDuBDS</subfield>
      <subfield code="b">eng</subfield>
      <subfield code="c">CUD</subfield>
      <subfield code="d">NjP</subfield>
    </datafield>
    <datafield tag="020" ind1=" " ind2=" ">
      <subfield code="a">9781852248833 (pbk.) :</subfield>
      <subfield code="c">£9.95</subfield>
    </datafield>
    <datafield tag="020" ind1=" " ind2=" ">
      <subfield code="a">1852248831 (pbk.) :</subfield>
      <subfield code="c">£9.95</subfield>
    </datafield>
    <datafield tag="082" ind1="0" ind2="4">
      <subfield code="a">821.914</subfield>
      <subfield code="2">22</subfield>
    </datafield>
    <datafield tag="090" ind1=" " ind2=" ">
      <subfield code="a">PR6069.A418</subfield>
      <subfield code="b">W35 2010</subfield>
    </datafield>
    <datafield tag="019" ind1=" " ind2=" ">
      <subfield code="a">515407277</subfield>
    </datafield>
    <datafield tag="100" ind1="1" ind2=" ">
      <subfield code="a">Sail, Lawrence,</subfield>
      <subfield code="d">1942-</subfield>
      <subfield code="0">http://id.loc.gov/authorities/names/n81062551</subfield>
    </datafield>
    <datafield tag="245" ind1="1" ind2="0">
      <subfield code="a">Waking dreams :</subfield>
      <subfield code="b">new &amp; selected poems /</subfield>
      <subfield code="c">Lawrence Sail.</subfield>
    </datafield>
    <datafield tag="260" ind1=" " ind2=" ">
      <subfield code="a">Tarset :</subfield>
      <subfield code="b">Bloodaxe,</subfield>
      <subfield code="c">2010.</subfield>
    </datafield>
    <datafield tag="300" ind1=" " ind2=" ">
      <subfield code="a">239 p. ;</subfield>
      <subfield code="c">22 cm.</subfield>
    </datafield>
    <datafield tag="500" ind1=" " ind2=" ">
      <subfield code="a">Includes index.</subfield>
    </datafield>
    <datafield tag="655" ind1=" " ind2="7">
      <subfield code="a">Poetry.</subfield>
      <subfield code="2">lcgft</subfield>
      <subfield code="0">http://id.loc.gov/authorities/genreForms/gf2014026481</subfield>
    </datafield>
    <datafield tag="852" ind1="0" ind2=" ">
      <subfield code="b">firestone</subfield>
      <subfield code="c">stacks</subfield>
      <subfield code="h">PR6069.A418</subfield>
      <subfield code="i">W35 2010</subfield>
      <subfield code="8">22657610220006421</subfield>
    </datafield>
  </record>