
  <record>
    <leader>00676dam a2200229 a 4500</leader>
    <controlfield tag="005">20200927175108.0</controlfield>
    <controlfield tag="008">100322s2010    enk           000 0 eng d</controlfield>
    <controlfield tag="001">9963373383506421</controlfield>
    <datafield tag="035" ind1=" " ind2=" ">
      <subfield code="a">6337338</subfield>
    </datafield>
    <datafield tag="035" ind1=" " ind2=" ">
      <subfield code="a">(OCoLC)ocn566929861</subfield>
      <subfield code="z">(OCoLC)ocn567008238</subfield>
    </datafield>
    <datafield tag="035" ind1=" " ind2=" ">
      <subfield code="a">(NjP)6337338-princetondb</subfield>
    </datafield>
    <datafield tag="035" ind1=" " ind2=" ">
      <subfield code="z">(OCoLC)567008238</subfield>
    </datafield>
    <datafield tag="040" ind1=" " ind2=" ">
      <subfield code="a">BWK</subfield>
      <subfield code="c">YUS</subfield>
      <subfield code="d">NjP</subfield>
    </datafield>
    <datafield tag="020" ind1=" " ind2=" ">
      <subfield code="a">1848610904</subfield>
    </datafield>
    <datafield tag="020" ind1=" " ind2=" ">
      <subfield code="a">9781848610903</subfield>
    </datafield>
    <datafield tag="050" ind1=" " ind2="4">
      <subfield code="a">PR6070.H86</subfield>
      <subfield code="b">I58 2010</subfield>
    </datafield>
    <datafield tag="019" ind1=" " ind2=" ">
      <subfield code="a">567008238</subfield>
    </datafield>
    <datafield tag="100" ind1="1" ind2=" ">
      <subfield code="a">Thurston, Scott.</subfield>
      <subfield code="0">http://id.loc.gov/authorities/names/nb99068835</subfield>
    </datafield>
    <datafield tag="245" ind1="1" ind2="0">
      <subfield code="a">Internal rhyme /</subfield>
      <subfield code="c">Scott Thurston.</subfield>
    </datafield>
    <datafield tag="260" ind1=" " ind2=" ">
      <subfield code="a">England</subfield>
      <subfield code="b">Shearsman Books</subfield>
      <subfield code="c">2010</subfield>
    </datafield>
    <datafield tag="300" ind1=" " ind2=" ">
      <subfield code="a">94 p. ;</subfield>
      <subfield code="c">22 cm.</subfield>
    </datafield>
    <datafield tag="852" ind1="0" ind2=" ">
      <subfield code="b">firestone</subfield>
      <subfield code="c">stacks</subfield>
      <subfield code="h">PR6070.H86</subfield>
      <subfield code="i">I58 2010</subfield>
      <subfield code="8">22727560380006421</subfield>
    </datafield>
  </record>