
  <record>
    <leader>01691dam a2200361 a 4500</leader>
    <controlfield tag="005">20200927180253.0</controlfield>
    <controlfield tag="008">100507s2010    oncac         001 0deng d</controlfield>
    <controlfield tag="001">9963493893506421</controlfield>
    <datafield tag="035" ind1=" " ind2=" ">
      <subfield code="a">(OCoLC)ocn614856032</subfield>
    </datafield>
    <datafield tag="035" ind1=" " ind2=" ">
      <subfield code="a">6349389</subfield>
    </datafield>
    <datafield tag="035" ind1=" " ind2=" ">
      <subfield code="a">(NjP)6349389-princetondb</subfield>
    </datafield>
    <datafield tag="040" ind1=" " ind2=" ">
      <subfield code="a">NLC</subfield>
      <subfield code="b">eng</subfield>
      <subfield code="c">NLC</subfield>
      <subfield code="d">BTCTA</subfield>
      <subfield code="d">YDXCP</subfield>
      <subfield code="d">CDX</subfield>
      <subfield code="d">QBX</subfield>
      <subfield code="d">HHO</subfield>
      <subfield code="d">VP@</subfield>
      <subfield code="d">ILC</subfield>
      <subfield code="d">JST</subfield>
      <subfield code="d">NjP</subfield>
    </datafield>
    <datafield tag="020" ind1=" " ind2=" ">
      <subfield code="a">9781554076628</subfield>
    </datafield>
    <datafield tag="020" ind1=" " ind2=" ">
      <subfield code="a">1554076625</subfield>
    </datafield>
    <datafield tag="043" ind1=" " ind2=" ">
      <subfield code="a">n-cn-on</subfield>
    </datafield>
    <datafield tag="050" ind1=" " ind2="4">
      <subfield code="a">GV847.8.N3</subfield>
      <subfield code="b">O34 2010</subfield>
    </datafield>
    <datafield tag="245" ind1="0" ind2="0">
      <subfield code="a">Official guide to the players of the Hockey Hall of Fame /</subfield>
      <subfield code="c">compiled by James Duplacey and Eric Zweig.</subfield>
    </datafield>
    <datafield tag="260" ind1=" " ind2=" ">
      <subfield code="a">Richmond Hill, Ont. :</subfield>
      <subfield code="b">Firefly Books,</subfield>
      <subfield code="c">2010.</subfield>
    </datafield>
    <datafield tag="300" ind1=" " ind2=" ">
      <subfield code="a">544 p. :</subfield>
      <subfield code="b">ill. (some col.), ports. (some col.) ;</subfield>
      <subfield code="c">18 cm.</subfield>
    </datafield>
    <datafield tag="500" ind1=" " ind2=" ">
      <subfield code="a">Includes index.</subfield>
    </datafield>
    <datafield tag="500" ind1=" " ind2=" ">
      <subfield code="a">"Hockey Hall of Fame".</subfield>
    </datafield>
    <datafield tag="520" ind1=" " ind2=" ">
      <subfield code="a">Profiles all 244 hockey players honored by the Hockey Hall of Fame. Includes statistics and archival photos for each player.</subfield>
    </datafield>
    <datafield tag="505" ind1="0" ind2=" ">
      <subfield code="a">Forewords / Andy Bathgate ; Pat LaFontaine ; Luc Robitaille ; Bryan Trottier -- Player profiles -- NHL trophies -- Stanley Cup winners -- Hockey leagues.</subfield>
    </datafield>
    <datafield tag="610" ind1="2" ind2="0">
      <subfield code="a">Hockey Hall of Fame.</subfield>
      <subfield code="0">http://id.loc.gov/authorities/names/n84216405</subfield>
    </datafield>
    <datafield tag="650" ind1=" " ind2="0">
      <subfield code="a">Hockey players</subfield>
      <subfield code="v">Pictorial works.</subfield>
    </datafield>
    <datafield tag="650" ind1=" " ind2="0">
      <subfield code="a">Hockey players</subfield>
      <subfield code="v">Statistics.</subfield>
    </datafield>
    <datafield tag="650" ind1=" " ind2="0">
      <subfield code="a">Hockey</subfield>
      <subfield code="x">History</subfield>
      <subfield code="v">Pictorial works.</subfield>
    </datafield>
    <datafield tag="655" ind1=" " ind2="7">
      <subfield code="a">Statistics.</subfield>
      <subfield code="2">lcgft</subfield>
      <subfield code="0">http://id.loc.gov/authorities/genreForms/gf2014026181</subfield>
    </datafield>
    <datafield tag="700" ind1="1" ind2=" ">
      <subfield code="a">Duplacey, James.</subfield>
      <subfield code="0">http://id.loc.gov/authorities/names/n95045579</subfield>
    </datafield>
    <datafield tag="700" ind1="1" ind2=" ">
      <subfield code="a">Zweig, Eric,</subfield>
      <subfield code="d">1963-</subfield>
      <subfield code="0">http://id.loc.gov/authorities/names/n93076017</subfield>
    </datafield>
    <datafield tag="710" ind1="2" ind2=" ">
      <subfield code="a">Hockey Hall of Fame.</subfield>
      <subfield code="0">http://id.loc.gov/authorities/names/n84216405</subfield>
    </datafield>
    <datafield tag="852" ind1="0" ind2=" ">
      <subfield code="b">firestone</subfield>
      <subfield code="c">stacks</subfield>
      <subfield code="h">GV847.8.N3</subfield>
      <subfield code="i">O34 2010</subfield>
      <subfield code="8">22715054140006421</subfield>
    </datafield>
  </record>