
  <record>
    <leader>01078dtmaa22002172a 4500</leader>
    <controlfield tag="005">20200927201757.0</controlfield>
    <controlfield tag="008">851121q16001699xx            000 0 ara d</controlfield>
    <controlfield tag="001">9963570353506421</controlfield>
    <datafield tag="035" ind1=" " ind2=" ">
      <subfield code="a">6357035</subfield>
    </datafield>
    <datafield tag="035" ind1=" " ind2=" ">
      <subfield code="a">(NjP)6357035-princetondb</subfield>
    </datafield>
    <datafield tag="040" ind1=" " ind2=" ">
      <subfield code="a">PUL</subfield>
      <subfield code="c">PUL</subfield>
    </datafield>
    <datafield tag="066" ind1=" " ind2=" ">
      <subfield code="c">(3</subfield>
    </datafield>
    <datafield tag="100" ind1="1" ind2=" ">
      <subfield code="a">Ibn al-Ḥājib, ʻUthmān ibn ʻUmar,</subfield>
      <subfield code="d">1175-1249.</subfield>
      <subfield code="0">http://id.loc.gov/authorities/names/n82162164</subfield>
    </datafield>
    <datafield tag="245" ind1="1" ind2="3">
      <subfield code="6">880-01</subfield>
      <subfield code="a">al-Shāfiyah fī al-taṣrīf.</subfield>
    </datafield>
    <datafield tag="500" ind1=" " ind2=" ">
      <subfield code="a">Copied A.H. 1047 [A.D. 1637].</subfield>
    </datafield>
    <datafield tag="500" ind1=" " ind2=" ">
      <subfield code="a">Fols. 41; 21.5 x 15 cm.; written surface 13.2 x 7.5 cm.; 13 lines to page; on glazed Arabic paper; in Fārisi; with vowel signs; with catchwords.</subfield>
    </datafield>
    <datafield tag="500" ind1=" " ind2=" ">
      <subfield code="a">Marginal and interlinear notes and glosses. MS in good condition but several folios are worm-eaten and mended; Arabic binding.</subfield>
    </datafield>
    <datafield tag="500" ind1=" " ind2=" ">
      <subfield code="a">Acquired from Brill, Leyden, A.D. 1900.</subfield>
    </datafield>
    <datafield tag="650" ind1=" " ind2="0">
      <subfield code="a">Arabic language</subfield>
      <subfield code="x">Grammar</subfield>
      <subfield code="v">Early works to 1800.</subfield>
      <subfield code="0">http://id.loc.gov/authorities/subjects/sh86000284</subfield>
    </datafield>
    <datafield tag="655" ind1=" " ind2="7">
      <subfield code="a">Manuscripts, Arabic</subfield>
      <subfield code="y">17th century.</subfield>
      <subfield code="2">lcsh</subfield>
    </datafield>
    <datafield tag="773" ind1="0" ind2=" ">
      <subfield code="t">[Shāfiyah fī al-taṣrīf ... etc.]</subfield>
      <subfield code="w">99116509363506421</subfield>
    </datafield>
    <datafield tag="880" ind1="1" ind2="2">
      <subfield code="6">245-01/r</subfield>
      <subfield code="a">الشافىة في التصرىف.</subfield>
    </datafield>
    <datafield tag="852" ind1="8" ind2="0">
      <subfield code="b">rare</subfield>
      <subfield code="c">hsvm</subfield>
      <subfield code="h">Islamic Manuscripts, Garrett no. 337H</subfield>
      <subfield code="8">22726872800006421</subfield>
    </datafield>
  </record>