
  <record>
    <leader>01403dtmaa22002652a 4500</leader>
    <controlfield tag="005">20200927201814.0</controlfield>
    <controlfield tag="008">851121q16001699xx            000 0 ara d</controlfield>
    <controlfield tag="001">9963571513506421</controlfield>
    <datafield tag="035" ind1=" " ind2=" ">
      <subfield code="a">6357151</subfield>
    </datafield>
    <datafield tag="035" ind1=" " ind2=" ">
      <subfield code="a">(NjP)6357151-princetondb</subfield>
    </datafield>
    <datafield tag="040" ind1=" " ind2=" ">
      <subfield code="a">PUL</subfield>
      <subfield code="c">PUL</subfield>
    </datafield>
    <datafield tag="066" ind1=" " ind2=" ">
      <subfield code="c">(3</subfield>
    </datafield>
    <datafield tag="245" ind1="0" ind2="0">
      <subfield code="6">880-01</subfield>
      <subfield code="a">Muqaddimah fī ʻilmay al-arūḍ wa-al-qawāfī.</subfield>
    </datafield>
    <datafield tag="500" ind1=" " ind2=" ">
      <subfield code="a">Anonymous.</subfield>
    </datafield>
    <datafield tag="500" ind1=" " ind2=" ">
      <subfield code="a">Copied A.H. 1062 [A.D. 1652].</subfield>
    </datafield>
    <datafield tag="500" ind1=" " ind2=" ">
      <subfield code="a">Fols. 22; 21.5 x 15 cm.; written surface 13.7 x 7.3 cm.; 15 lines to page; on glazed Arabic paper; in Fārisi; with catchwords; entries in red.</subfield>
    </datafield>
    <datafield tag="500" ind1=" " ind2=" ">
      <subfield code="a">A work in two parts, the first dealing with prosody and the second with rhymes.</subfield>
    </datafield>
    <datafield tag="500" ind1=" " ind2=" ">
      <subfield code="a">Beg.: بسم الله الرحمن الرحىم. الحمد لله ذي الطول الشدىد</subfield>
    </datafield>
    <datafield tag="500" ind1=" " ind2=" ">
      <subfield code="a">Ending: کقول عبىد بن الابرص افقر من اهله محلوب. فالقطبىات</subfield>
    </datafield>
    <datafield tag="500" ind1=" " ind2=" ">
      <subfield code="a">Marginal and interlinear notes and glosses. MS is illustrated with sketches; in good condition; Arabic binding.</subfield>
    </datafield>
    <datafield tag="500" ind1=" " ind2=" ">
      <subfield code="a">Acquired from Brill, Leyden, A.D. 1900.</subfield>
    </datafield>
    <datafield tag="650" ind1=" " ind2="0">
      <subfield code="a">Arabic language</subfield>
      <subfield code="x">Versification</subfield>
      <subfield code="v">Early works to 1800.</subfield>
      <subfield code="0">http://id.loc.gov/authorities/subjects/sh2009115218</subfield>
    </datafield>
    <datafield tag="650" ind1=" " ind2="0">
      <subfield code="a">Arabic language</subfield>
      <subfield code="x">Rhyme</subfield>
      <subfield code="v">Early works to 1800.</subfield>
    </datafield>
    <datafield tag="655" ind1=" " ind2="7">
      <subfield code="a">Manuscripts, Arabic</subfield>
      <subfield code="y">17th century.</subfield>
      <subfield code="2">lcsh</subfield>
    </datafield>
    <datafield tag="773" ind1="0" ind2=" ">
      <subfield code="t">[Shāfiyah fī al-taṣrīf ... etc.]</subfield>
      <subfield code="w">99116509363506421</subfield>
    </datafield>
    <datafield tag="880" ind1="0" ind2="0">
      <subfield code="6">245-01/r</subfield>
      <subfield code="a">مقدمة في علمي العروض والقوافي.</subfield>
    </datafield>
    <datafield tag="852" ind1="8" ind2="0">
      <subfield code="b">rare</subfield>
      <subfield code="c">hsvm</subfield>
      <subfield code="h">Islamic Manuscripts, Garrett no. 337H</subfield>
      <subfield code="8">22726821850006421</subfield>
    </datafield>
  </record>