
  <record>
    <leader>00804dam a22002657a 4500</leader>
    <controlfield tag="005">20110505084512.0</controlfield>
    <controlfield tag="008">100227s2010    ii            000 1 eng  </controlfield>
    <controlfield tag="001">9964010423506421</controlfield>
    <datafield tag="010" ind1=" " ind2=" ">
      <subfield code="a">  2010319572</subfield>
    </datafield>
    <datafield tag="035" ind1=" " ind2=" ">
      <subfield code="a">(OCoLC)ocn607341322</subfield>
    </datafield>
    <datafield tag="035" ind1=" " ind2=" ">
      <subfield code="a">(OCoLC)607341322</subfield>
    </datafield>
    <datafield tag="035" ind1=" " ind2=" ">
      <subfield code="a">(NjP)6401042-princetondb</subfield>
    </datafield>
    <datafield tag="040" ind1=" " ind2=" ">
      <subfield code="a">DLC</subfield>
      <subfield code="c">DLC</subfield>
      <subfield code="d">DKAGE</subfield>
      <subfield code="d">NDD</subfield>
      <subfield code="d">NjP</subfield>
    </datafield>
    <datafield tag="020" ind1=" " ind2=" ">
      <subfield code="a">9788124115084</subfield>
    </datafield>
    <datafield tag="020" ind1=" " ind2=" ">
      <subfield code="a">8124115087</subfield>
    </datafield>
    <datafield tag="025" ind1=" " ind2=" ">
      <subfield code="a">I-E-2010-319572; 26-90</subfield>
    </datafield>
    <datafield tag="037" ind1=" " ind2=" ">
      <subfield code="b">Library of Congress -- New Delhi Overseas Office</subfield>
    </datafield>
    <datafield tag="042" ind1=" " ind2=" ">
      <subfield code="a">lcode</subfield>
    </datafield>
    <datafield tag="050" ind1=" " ind2="4">
      <subfield code="a">PR9499.3.P4473</subfield>
      <subfield code="b">M33 2010</subfield>
    </datafield>
    <datafield tag="100" ind1="1" ind2=" ">
      <subfield code="a">Peerbhoy, Sadiqa.</subfield>
    </datafield>
    <datafield tag="245" ind1="1" ind2="0">
      <subfield code="a">Madonna of Mumbai cats and other stories /</subfield>
      <subfield code="c">Sadiqa Peerbhoy.</subfield>
    </datafield>
    <datafield tag="260" ind1=" " ind2=" ">
      <subfield code="a">New Delhi :</subfield>
      <subfield code="b">Har-Anand Publications,</subfield>
      <subfield code="c">2010.</subfield>
    </datafield>
    <datafield tag="300" ind1=" " ind2=" ">
      <subfield code="a">148 p. ;</subfield>
      <subfield code="c">22 cm.</subfield>
    </datafield>
    <datafield tag="852" ind1="0" ind2=" ">
      <subfield code="b">firestone</subfield>
      <subfield code="c">stacks</subfield>
      <subfield code="h">PR9499.3.P4473</subfield>
      <subfield code="i">M33 2010</subfield>
      <subfield code="8">22659630490006421</subfield>
    </datafield>
  </record>