
  <record>
    <leader>01370dam a2200373 a 4500</leader>
    <controlfield tag="005">20190305173035.0</controlfield>
    <controlfield tag="008">100806s2010    nyu           000 1 eng  </controlfield>
    <controlfield tag="001">9964050043506421</controlfield>
    <datafield tag="010" ind1=" " ind2=" ">
      <subfield code="a">  2010032508</subfield>
    </datafield>
    <datafield tag="035" ind1=" " ind2=" ">
      <subfield code="a">(OCoLC)ocn653082686</subfield>
    </datafield>
    <datafield tag="035" ind1=" " ind2=" ">
      <subfield code="a">(OCoLC)653082686</subfield>
      <subfield code="z">(OCoLC)601142119</subfield>
    </datafield>
    <datafield tag="035" ind1=" " ind2=" ">
      <subfield code="a">(NjP)6405004-princetondb</subfield>
    </datafield>
    <datafield tag="035" ind1=" " ind2=" ">
      <subfield code="z">(OCoLC)601142119</subfield>
    </datafield>
    <datafield tag="040" ind1=" " ind2=" ">
      <subfield code="a">DLC</subfield>
      <subfield code="c">DLC</subfield>
      <subfield code="d">UKM</subfield>
      <subfield code="d">YDXCP</subfield>
      <subfield code="d">OCO</subfield>
      <subfield code="d">ORX</subfield>
      <subfield code="d">BTCTA</subfield>
      <subfield code="d">KCP</subfield>
      <subfield code="d">VP@</subfield>
    </datafield>
    <datafield tag="015" ind1=" " ind2=" ">
      <subfield code="a">GBB092216</subfield>
      <subfield code="2">bnb</subfield>
    </datafield>
    <datafield tag="016" ind1="7" ind2=" ">
      <subfield code="a">015618233</subfield>
      <subfield code="2">Uk</subfield>
    </datafield>
    <datafield tag="019" ind1=" " ind2=" ">
      <subfield code="a">601142119</subfield>
    </datafield>
    <datafield tag="020" ind1=" " ind2=" ">
      <subfield code="a">9780312557683</subfield>
    </datafield>
    <datafield tag="020" ind1=" " ind2=" ">
      <subfield code="a">031255768X</subfield>
    </datafield>
    <datafield tag="043" ind1=" " ind2=" ">
      <subfield code="a">e-uk-en</subfield>
      <subfield code="a">a-bn---</subfield>
    </datafield>
    <datafield tag="050" ind1="0" ind2="0">
      <subfield code="a">PR6113.E74</subfield>
      <subfield code="b">D48 2010</subfield>
    </datafield>
    <datafield tag="082" ind1="0" ind2="0">
      <subfield code="a">823/.92</subfield>
      <subfield code="2">22</subfield>
    </datafield>
    <datafield tag="049" ind1=" " ind2=" ">
      <subfield code="a">PUL</subfield>
    </datafield>
    <datafield tag="100" ind1="1" ind2=" ">
      <subfield code="a">Meredith, D. E.</subfield>
    </datafield>
    <datafield tag="245" ind1="1" ind2="0">
      <subfield code="a">Devoured /</subfield>
      <subfield code="c">D.E. Meredith.</subfield>
    </datafield>
    <datafield tag="250" ind1=" " ind2=" ">
      <subfield code="a">1st ed.</subfield>
    </datafield>
    <datafield tag="260" ind1=" " ind2=" ">
      <subfield code="a">New York :</subfield>
      <subfield code="b">Minotaur Books,</subfield>
      <subfield code="c">2010.</subfield>
    </datafield>
    <datafield tag="300" ind1=" " ind2=" ">
      <subfield code="a">viii, 291 p. ;</subfield>
      <subfield code="c">22 cm.</subfield>
    </datafield>
    <datafield tag="500" ind1=" " ind2=" ">
      <subfield code="a">"A Thomas Dunne book."</subfield>
    </datafield>
    <datafield tag="520" ind1=" " ind2=" ">
      <subfield code="a">When a glamorous woman is found murdered at the peak of London's mid-nineteenth-century craze for collecting unusual specimens, Adolphus Hatton and his morgue assistant uncover murders connected to a packet of seditious letters.</subfield>
    </datafield>
    <datafield tag="650" ind1=" " ind2="0">
      <subfield code="a">Murder</subfield>
      <subfield code="x">Investigation</subfield>
      <subfield code="v">Fiction.</subfield>
      <subfield code="0">http://id.loc.gov/authorities/subjects/sh2008107761</subfield>
    </datafield>
    <datafield tag="651" ind1=" " ind2="0">
      <subfield code="a">London (England)</subfield>
      <subfield code="x">History</subfield>
      <subfield code="y">1800-1950</subfield>
      <subfield code="v">Fiction.</subfield>
    </datafield>
    <datafield tag="651" ind1=" " ind2="0">
      <subfield code="a">Borneo</subfield>
      <subfield code="v">Fiction.</subfield>
    </datafield>
    <datafield tag="655" ind1=" " ind2="0">
      <subfield code="a">Detective and mystery stories.</subfield>
    </datafield>
    <datafield tag="852" ind1="0" ind2=" ">
      <subfield code="b">firestone</subfield>
      <subfield code="c">stacks</subfield>
      <subfield code="h">PR6113.E74</subfield>
      <subfield code="i">D48 2010</subfield>
      <subfield code="8">22646073040006421</subfield>
    </datafield>
  </record>