
  <record>
    <leader>01648dam a2200337 a 4500</leader>
    <controlfield tag="005">20190305174556.0</controlfield>
    <controlfield tag="008">100907s2010    nyua          000 0 eng d</controlfield>
    <controlfield tag="001">9964130113506421</controlfield>
    <datafield tag="010" ind1=" " ind2=" ">
      <subfield code="a">  2010282176</subfield>
    </datafield>
    <datafield tag="035" ind1=" " ind2=" ">
      <subfield code="a">(OCoLC)ocn401141365</subfield>
    </datafield>
    <datafield tag="035" ind1=" " ind2=" ">
      <subfield code="a">(OCoLC)401141365</subfield>
    </datafield>
    <datafield tag="035" ind1=" " ind2=" ">
      <subfield code="a">(NjP)6413011-princetondb</subfield>
    </datafield>
    <datafield tag="040" ind1=" " ind2=" ">
      <subfield code="a">BTCTA</subfield>
      <subfield code="c">BTCTA</subfield>
      <subfield code="d">DLC</subfield>
      <subfield code="d">YDXCP</subfield>
      <subfield code="d">UPZ</subfield>
      <subfield code="d">OCO</subfield>
      <subfield code="d">ABG</subfield>
    </datafield>
    <datafield tag="020" ind1=" " ind2=" ">
      <subfield code="a">9780345516220</subfield>
    </datafield>
    <datafield tag="020" ind1=" " ind2=" ">
      <subfield code="a">0345516222</subfield>
    </datafield>
    <datafield tag="042" ind1=" " ind2=" ">
      <subfield code="a">lccopycat</subfield>
    </datafield>
    <datafield tag="050" ind1="0" ind2="0">
      <subfield code="a">GV707</subfield>
      <subfield code="b">.G675 2010</subfield>
    </datafield>
    <datafield tag="100" ind1="1" ind2=" ">
      <subfield code="a">Greenberg, Mike,</subfield>
      <subfield code="d">1967-</subfield>
      <subfield code="0">http://id.loc.gov/authorities/names/n2005023541</subfield>
    </datafield>
    <datafield tag="245" ind1="1" ind2="0">
      <subfield code="a">Mike and Mike's rules for sports and life /</subfield>
      <subfield code="c">Mike Greenberg and Mike Golic ; with Andrew Chaikivsky.</subfield>
    </datafield>
    <datafield tag="246" ind1="3" ind2="0">
      <subfield code="a">Rules for sports and life</subfield>
    </datafield>
    <datafield tag="250" ind1=" " ind2=" ">
      <subfield code="a">1st ed.</subfield>
    </datafield>
    <datafield tag="260" ind1=" " ind2=" ">
      <subfield code="a">New York :</subfield>
      <subfield code="b">Ballantine Books :</subfield>
      <subfield code="b">ESPN Books,</subfield>
      <subfield code="c">c2010.</subfield>
    </datafield>
    <datafield tag="300" ind1=" " ind2=" ">
      <subfield code="a">xi, 239 p. :</subfield>
      <subfield code="b">col. ill. ;</subfield>
      <subfield code="c">24 cm.</subfield>
    </datafield>
    <datafield tag="505" ind1="0" ind2=" ">
      <subfield code="a">Rule 1.28. Baseball managers should dress like normal people -- Rule 2.96. One day, athletes will rule the world -- Rule 3.49. Fans are crazy because people are crazy -- Rule 4.01. The most philosophical of all sports? College football! -- Rule 5.36. A house without a baseball glove is not a home.</subfield>
    </datafield>
    <datafield tag="520" ind1=" " ind2=" ">
      <subfield code="a">The ESPN comedy team presents an offbeat list of sports rules to live by, in a treasury of provocative ideas and proclamations culled from their top-rated morning show.</subfield>
    </datafield>
    <datafield tag="650" ind1=" " ind2="0">
      <subfield code="a">Sports</subfield>
      <subfield code="v">Humor.</subfield>
      <subfield code="0">http://id.loc.gov/authorities/subjects/sh2008112201</subfield>
    </datafield>
    <datafield tag="650" ind1=" " ind2="0">
      <subfield code="a">Sports</subfield>
      <subfield code="v">Rules</subfield>
      <subfield code="v">Humor.</subfield>
    </datafield>
    <datafield tag="700" ind1="1" ind2=" ">
      <subfield code="a">Golic, Mike.</subfield>
    </datafield>
    <datafield tag="700" ind1="1" ind2=" ">
      <subfield code="a">Chaikivsky, Andrew.</subfield>
    </datafield>
    <datafield tag="710" ind1="2" ind2=" ">
      <subfield code="a">ESPN (Television network)</subfield>
      <subfield code="0">http://id.loc.gov/authorities/names/n82156578</subfield>
    </datafield>
    <datafield tag="852" ind1="0" ind2=" ">
      <subfield code="b">firestone</subfield>
      <subfield code="c">stacks</subfield>
      <subfield code="h">GV707</subfield>
      <subfield code="i">.G675 2010</subfield>
      <subfield code="8">22553006190006421</subfield>
    </datafield>
  </record>