
  <record>
    <leader>01267dam a22002894a 4500</leader>
    <controlfield tag="005">20200928000533.0</controlfield>
    <controlfield tag="008">090915s2010    nyu           000 0aeng  </controlfield>
    <controlfield tag="001">9964794633506421</controlfield>
    <datafield tag="010" ind1=" " ind2=" ">
      <subfield code="a">  2009937074</subfield>
    </datafield>
    <datafield tag="035" ind1=" " ind2=" ">
      <subfield code="a">(OCoLC)ocn575726746</subfield>
    </datafield>
    <datafield tag="035" ind1=" " ind2=" ">
      <subfield code="a">6479463</subfield>
    </datafield>
    <datafield tag="035" ind1=" " ind2=" ">
      <subfield code="a">(OCoLC)575726746</subfield>
      <subfield code="z">(OCoLC)449855878</subfield>
    </datafield>
    <datafield tag="035" ind1=" " ind2=" ">
      <subfield code="a">(NjP)6479463-princetondb</subfield>
    </datafield>
    <datafield tag="040" ind1=" " ind2=" ">
      <subfield code="a">DLC</subfield>
      <subfield code="c">DLC</subfield>
      <subfield code="d">SDL</subfield>
      <subfield code="d">BTCTA</subfield>
      <subfield code="d">UPZ</subfield>
      <subfield code="d">DCB</subfield>
      <subfield code="d">DPL</subfield>
      <subfield code="d">VP@</subfield>
      <subfield code="d">YDXCP</subfield>
    </datafield>
    <datafield tag="020" ind1=" " ind2=" ">
      <subfield code="a">9780806531434</subfield>
    </datafield>
    <datafield tag="020" ind1=" " ind2=" ">
      <subfield code="a">0806531436</subfield>
    </datafield>
    <datafield tag="043" ind1=" " ind2=" ">
      <subfield code="a">n-us---</subfield>
    </datafield>
    <datafield tag="050" ind1="0" ind2="0">
      <subfield code="a">GV865.H37</subfield>
      <subfield code="b">A3 2010</subfield>
    </datafield>
    <datafield tag="082" ind1="0" ind2="0">
      <subfield code="a">796.357092</subfield>
      <subfield code="a">B</subfield>
      <subfield code="2">22</subfield>
    </datafield>
    <datafield tag="100" ind1="1" ind2=" ">
      <subfield code="a">Hayhurst, Dirk,</subfield>
      <subfield code="d">1981-</subfield>
      <subfield code="0">http://id.loc.gov/authorities/names/no2010074073</subfield>
    </datafield>
    <datafield tag="245" ind1="0" ind2="4">
      <subfield code="a">The bullpen gospels :</subfield>
      <subfield code="b">major league dreams of a minor league veteran /</subfield>
      <subfield code="c">Dirk Hayhurst.</subfield>
    </datafield>
    <datafield tag="260" ind1=" " ind2=" ">
      <subfield code="a">New York, NY :</subfield>
      <subfield code="b">Citadel Press,</subfield>
      <subfield code="c">c2010.</subfield>
    </datafield>
    <datafield tag="300" ind1=" " ind2=" ">
      <subfield code="a">viii, 340 p. ;</subfield>
      <subfield code="c">21 cm.</subfield>
    </datafield>
    <datafield tag="520" ind1=" " ind2=" ">
      <subfield code="a">A minor league pitcher deals with both the lighter and darker sides of a life at the edge of the pro ranks where he refuses to quit and eventually finds himself playing for the league championship.</subfield>
    </datafield>
    <datafield tag="600" ind1="1" ind2="0">
      <subfield code="a">Hayhurst, Dirk,</subfield>
      <subfield code="d">1981-</subfield>
      <subfield code="0">http://id.loc.gov/authorities/names/no2010074073</subfield>
    </datafield>
    <datafield tag="650" ind1=" " ind2="0">
      <subfield code="a">Baseball players</subfield>
      <subfield code="z">United States</subfield>
      <subfield code="v">Biography.</subfield>
      <subfield code="0">http://id.loc.gov/authorities/subjects/sh2007101902</subfield>
    </datafield>
    <datafield tag="852" ind1="0" ind2=" ">
      <subfield code="b">firestone</subfield>
      <subfield code="c">stacks</subfield>
      <subfield code="h">GV865.H37</subfield>
      <subfield code="i">A3 2010</subfield>
      <subfield code="8">22597529240006421</subfield>
    </datafield>
  </record>