
  <record>
    <leader>01563dam a2200337 a 4500</leader>
    <controlfield tag="005">20200928113031.0</controlfield>
    <controlfield tag="008">091006s2008    nyu           000 1 eng  </controlfield>
    <controlfield tag="001">9965130233506421</controlfield>
    <datafield tag="010" ind1=" " ind2=" ">
      <subfield code="a">  2009039761</subfield>
    </datafield>
    <datafield tag="035" ind1=" " ind2=" ">
      <subfield code="a">(OCoLC)ocn368020675</subfield>
    </datafield>
    <datafield tag="035" ind1=" " ind2=" ">
      <subfield code="a">6513023</subfield>
    </datafield>
    <datafield tag="035" ind1=" " ind2=" ">
      <subfield code="a">(OCoLC)368020675</subfield>
    </datafield>
    <datafield tag="035" ind1=" " ind2=" ">
      <subfield code="a">(NjP)6513023-princetondb</subfield>
    </datafield>
    <datafield tag="040" ind1=" " ind2=" ">
      <subfield code="a">DLC</subfield>
      <subfield code="c">DLC</subfield>
      <subfield code="d">BTCTA</subfield>
      <subfield code="d">YDXCP</subfield>
      <subfield code="d">OJ4</subfield>
      <subfield code="d">C#P</subfield>
      <subfield code="d">BWX</subfield>
      <subfield code="d">TJX</subfield>
      <subfield code="d">WIQ</subfield>
      <subfield code="d">LF8</subfield>
      <subfield code="d">HBP</subfield>
      <subfield code="d">NjP</subfield>
    </datafield>
    <datafield tag="020" ind1=" " ind2=" ">
      <subfield code="a">9780553590029</subfield>
    </datafield>
    <datafield tag="020" ind1=" " ind2=" ">
      <subfield code="a">0553590022</subfield>
    </datafield>
    <datafield tag="043" ind1=" " ind2=" ">
      <subfield code="a">a-tu---</subfield>
    </datafield>
    <datafield tag="050" ind1="0" ind2="0">
      <subfield code="a">PR9619.4.R66</subfield>
      <subfield code="b">H37 2010</subfield>
    </datafield>
    <datafield tag="082" ind1="0" ind2="0">
      <subfield code="a">823/.92</subfield>
      <subfield code="2">22</subfield>
    </datafield>
    <datafield tag="100" ind1="1" ind2=" ">
      <subfield code="a">Rollins, David,</subfield>
      <subfield code="d">1958-</subfield>
      <subfield code="0">http://id.loc.gov/authorities/names/nb2004004775</subfield>
    </datafield>
    <datafield tag="245" ind1="1" ind2="0">
      <subfield code="a">Hard rain :</subfield>
      <subfield code="b">a thriller /</subfield>
      <subfield code="c">David Rollins.</subfield>
    </datafield>
    <datafield tag="260" ind1=" " ind2=" ">
      <subfield code="a">New York :</subfield>
      <subfield code="b">Bantam Books,</subfield>
      <subfield code="c">c2008.</subfield>
    </datafield>
    <datafield tag="300" ind1=" " ind2=" ">
      <subfield code="a">560 p. ;</subfield>
      <subfield code="c">18 cm.</subfield>
    </datafield>
    <datafield tag="520" ind1=" " ind2=" ">
      <subfield code="a">Vin Cooper, special investigator for the U.S. Air Force, and Anne Masters, special agent, are called in to investigate two grisly murders that seem to be the work of a serial killer. As ex-lovers, they must put their feelings aside to focus on clues that lead to a deadly conspiracy and struggle for world domination.</subfield>
    </datafield>
    <datafield tag="650" ind1=" " ind2="0">
      <subfield code="a">Military attachés</subfield>
      <subfield code="x">Crimes against</subfield>
      <subfield code="z">Turkey</subfield>
      <subfield code="v">Fiction.</subfield>
    </datafield>
    <datafield tag="650" ind1=" " ind2="0">
      <subfield code="a">Government investigators</subfield>
      <subfield code="z">United Sates</subfield>
      <subfield code="v">Fiction.</subfield>
    </datafield>
    <datafield tag="650" ind1=" " ind2="0">
      <subfield code="a">Americans</subfield>
      <subfield code="z">Turkey</subfield>
      <subfield code="v">Fiction.</subfield>
    </datafield>
    <datafield tag="650" ind1=" " ind2="0">
      <subfield code="a">Suspense fiction.</subfield>
      <subfield code="0">http://id.loc.gov/authorities/subjects/sh98004883</subfield>
    </datafield>
    <datafield tag="655" ind1=" " ind2="7">
      <subfield code="a">Fiction.</subfield>
      <subfield code="2">lcgft</subfield>
      <subfield code="0">http://id.loc.gov/authorities/genreForms/gf2014026339</subfield>
    </datafield>
    <datafield tag="655" ind1=" " ind2="7">
      <subfield code="a">Fiction.</subfield>
      <subfield code="2">lcgft</subfield>
      <subfield code="0">http://id.loc.gov/authorities/genreForms/gf2014026339</subfield>
    </datafield>
    <datafield tag="852" ind1="0" ind2=" ">
      <subfield code="b">firestone</subfield>
      <subfield code="c">stacks</subfield>
      <subfield code="h">PR9619.4.R66</subfield>
      <subfield code="i">H37 2010</subfield>
      <subfield code="8">22636808340006421</subfield>
    </datafield>
  </record>