
  <record>
    <leader>00718dam a22002294a 4500</leader>
    <controlfield tag="005">20200928105807.0</controlfield>
    <controlfield tag="008">100513s2010    enk           000 0 eng  </controlfield>
    <controlfield tag="001">9965396933506421</controlfield>
    <datafield tag="010" ind1=" " ind2=" ">
      <subfield code="a">  2010362974</subfield>
    </datafield>
    <datafield tag="020" ind1=" " ind2=" ">
      <subfield code="a">9781408130056</subfield>
    </datafield>
    <datafield tag="020" ind1=" " ind2=" ">
      <subfield code="a">140813005X</subfield>
    </datafield>
    <datafield tag="035" ind1=" " ind2=" ">
      <subfield code="a">(OCoLC)ocn559824330</subfield>
    </datafield>
    <datafield tag="035" ind1=" " ind2=" ">
      <subfield code="a">(OCoLC)559824330</subfield>
    </datafield>
    <datafield tag="035" ind1=" " ind2=" ">
      <subfield code="a">6539693</subfield>
    </datafield>
    <datafield tag="035" ind1=" " ind2=" ">
      <subfield code="a">(NjP)6539693-princetondb</subfield>
    </datafield>
    <datafield tag="040" ind1=" " ind2=" ">
      <subfield code="a">DLC</subfield>
      <subfield code="c">DLC</subfield>
      <subfield code="d">NLE</subfield>
      <subfield code="d">CDX</subfield>
      <subfield code="d">COO</subfield>
      <subfield code="d">YDXCP</subfield>
      <subfield code="d">EMU</subfield>
    </datafield>
    <datafield tag="050" ind1="0" ind2="0">
      <subfield code="a">PR6126.U33</subfield>
      <subfield code="b">I26 2010</subfield>
    </datafield>
    <datafield tag="100" ind1="1" ind2=" ">
      <subfield code="a">Zuabi, Amir Nizar.</subfield>
      <subfield code="0">http://id.loc.gov/authorities/names/no2010132661</subfield>
    </datafield>
    <datafield tag="245" ind1="1" ind2="0">
      <subfield code="a">I am Yusuf and this is my brother /</subfield>
      <subfield code="c">by Amir Nizar Zuabi.</subfield>
    </datafield>
    <datafield tag="260" ind1=" " ind2=" ">
      <subfield code="a">London :</subfield>
      <subfield code="b">Methuen Drama,</subfield>
      <subfield code="c">2010.</subfield>
    </datafield>
    <datafield tag="300" ind1=" " ind2=" ">
      <subfield code="a">58 p. ;</subfield>
      <subfield code="c">20 cm.</subfield>
    </datafield>
    <datafield tag="852" ind1="0" ind2=" ">
      <subfield code="b">firestone</subfield>
      <subfield code="c">stacks</subfield>
      <subfield code="h">PR6126.U33</subfield>
      <subfield code="i">I26 2010</subfield>
      <subfield code="8">22547302530006421</subfield>
    </datafield>
  </record>