
  <record>
    <leader>02973dam a2200373 a 4500</leader>
    <controlfield tag="005">20200928110304.0</controlfield>
    <controlfield tag="008">101203s2011    maua          000 0aeng  </controlfield>
    <controlfield tag="001">9965466973506421</controlfield>
    <datafield tag="010" ind1=" " ind2=" ">
      <subfield code="a">  2010049848</subfield>
    </datafield>
    <datafield tag="035" ind1=" " ind2=" ">
      <subfield code="a">(OCoLC)ocn651912275</subfield>
    </datafield>
    <datafield tag="035" ind1=" " ind2=" ">
      <subfield code="a">6546697</subfield>
    </datafield>
    <datafield tag="035" ind1=" " ind2=" ">
      <subfield code="a">(OCoLC)651912275</subfield>
    </datafield>
    <datafield tag="035" ind1=" " ind2=" ">
      <subfield code="a">(NjP)6546697-princetondb</subfield>
    </datafield>
    <datafield tag="040" ind1=" " ind2=" ">
      <subfield code="a">DLC</subfield>
      <subfield code="c">DLC</subfield>
      <subfield code="d">YDX</subfield>
      <subfield code="d">BTCTA</subfield>
      <subfield code="d">YDXCP</subfield>
      <subfield code="d">NSB</subfield>
      <subfield code="d">BUR</subfield>
      <subfield code="d">CDX</subfield>
    </datafield>
    <datafield tag="020" ind1=" " ind2=" ">
      <subfield code="a">9780547517698 (hardback)</subfield>
    </datafield>
    <datafield tag="020" ind1=" " ind2=" ">
      <subfield code="a">0547517696 (hardback)</subfield>
    </datafield>
    <datafield tag="042" ind1=" " ind2=" ">
      <subfield code="a">pcc</subfield>
    </datafield>
    <datafield tag="043" ind1=" " ind2=" ">
      <subfield code="a">n-us---</subfield>
    </datafield>
    <datafield tag="050" ind1="0" ind2="0">
      <subfield code="a">GV865.W3347</subfield>
      <subfield code="b">A3 2011</subfield>
    </datafield>
    <datafield tag="082" ind1="0" ind2="0">
      <subfield code="a">796.357092</subfield>
      <subfield code="a">B</subfield>
      <subfield code="2">22</subfield>
    </datafield>
    <datafield tag="084" ind1=" " ind2=" ">
      <subfield code="a">SPO003000</subfield>
      <subfield code="a">BIO016000</subfield>
      <subfield code="2">bisacsh</subfield>
    </datafield>
    <datafield tag="100" ind1="1" ind2=" ">
      <subfield code="a">Wakefield, Tim.</subfield>
      <subfield code="0">http://id.loc.gov/authorities/names/n2010079098</subfield>
    </datafield>
    <datafield tag="245" ind1="1" ind2="0">
      <subfield code="a">Knuckler :</subfield>
      <subfield code="b">my life with baseball's most confounding pitch /</subfield>
      <subfield code="c">Tim Wakefield with Tony Massarotti.</subfield>
    </datafield>
    <datafield tag="260" ind1=" " ind2=" ">
      <subfield code="a">Boston :</subfield>
      <subfield code="b">Houghton Mifflin Harcourt,</subfield>
      <subfield code="c">2011.</subfield>
    </datafield>
    <datafield tag="300" ind1=" " ind2=" ">
      <subfield code="a">xii, 274 p. :</subfield>
      <subfield code="b">ill. ;</subfield>
      <subfield code="c">24 cm.</subfield>
    </datafield>
    <datafield tag="520" ind1=" " ind2=" ">
      <subfield code="a">"At forty-four years old, Tim Wakefield is the longest-serving member of one of baseball's most popular franchises. He is close to eclipsing the winning records of two of the greatest pitchers to have played the game, yet few realize the full measure of his success. That his career can be characterized by such words as dependability and consistency defies all odds because he has achieved this with baseball's most mercurial weapon, the knuckleball. Knuckler is the story of how a struggling position player bet his future on a fickle pitch that would define his career. The pitch may drive hitters crazy, but how does the pitcher stay sane? The moment Wakefield adopted the knuckleball, his career sought to answer that question. With the Red Sox, Wakefield began to master his pitch only to find himself on the mound in 2003 for one of the worst post-season losses in history, followed the next year by one of the most vindicating of championships. Even now, as Wakefield battles, we see the twists and turns of a major league career pushed to its ultimate extreme. A remarkable story of one player's success despite being the exception to every rule, Knuckler is also a lively meditation on the dancing pitch, its history, its mystique, and all the ironies it brings to bear."--</subfield>
      <subfield code="c">Provided by publisher.</subfield>
    </datafield>
    <datafield tag="520" ind1=" " ind2=" ">
      <subfield code="a">"The story of one of baseball's most unlikely successes-- a knuckleball pitcher who has outlived, outmatched, and outsmarted the dancing pitch"--</subfield>
      <subfield code="c">Provided by publisher.</subfield>
    </datafield>
    <datafield tag="600" ind1="1" ind2="0">
      <subfield code="a">Wakefield, Tim.</subfield>
      <subfield code="0">http://id.loc.gov/authorities/names/n2010079098</subfield>
    </datafield>
    <datafield tag="650" ind1=" " ind2="0">
      <subfield code="a">Baseball players</subfield>
      <subfield code="z">United States</subfield>
      <subfield code="v">Biography.</subfield>
      <subfield code="0">http://id.loc.gov/authorities/subjects/sh2007101902</subfield>
    </datafield>
    <datafield tag="650" ind1=" " ind2="0">
      <subfield code="a">Pitchers (Baseball)</subfield>
      <subfield code="z">United States</subfield>
      <subfield code="v">Biography.</subfield>
      <subfield code="0">http://id.loc.gov/authorities/subjects/sh2010106482</subfield>
    </datafield>
    <datafield tag="650" ind1=" " ind2="0">
      <subfield code="a">Pitching (Baseball)</subfield>
      <subfield code="v">Anecdotes.</subfield>
    </datafield>
    <datafield tag="655" ind1=" " ind2="7">
      <subfield code="a">Anecdotes.</subfield>
      <subfield code="2">lcgft</subfield>
      <subfield code="0">http://id.loc.gov/authorities/genreForms/gf2014026044</subfield>
    </datafield>
    <datafield tag="700" ind1="1" ind2=" ">
      <subfield code="a">Massarotti, Tony.</subfield>
      <subfield code="0">http://id.loc.gov/authorities/names/n2005008410</subfield>
    </datafield>
    <datafield tag="852" ind1="0" ind2=" ">
      <subfield code="b">firestone</subfield>
      <subfield code="c">stacks</subfield>
      <subfield code="h">GV865.W3347</subfield>
      <subfield code="i">A3 2011</subfield>
      <subfield code="8">22598977870006421</subfield>
    </datafield>
  </record>