
  <record>
    <leader>01147dam a2200301 a 4500</leader>
    <controlfield tag="005">20200928114426.0</controlfield>
    <controlfield tag="008">100901s2011    enkb          000 1 eng  </controlfield>
    <controlfield tag="001">9965858013506421</controlfield>
    <datafield tag="035" ind1=" " ind2=" ">
      <subfield code="a">(OCoLC)ocn663445447</subfield>
    </datafield>
    <datafield tag="035" ind1=" " ind2=" ">
      <subfield code="a">6585801</subfield>
    </datafield>
    <datafield tag="035" ind1=" " ind2=" ">
      <subfield code="a">(NjP)6585801-princetondb</subfield>
    </datafield>
    <datafield tag="040" ind1=" " ind2=" ">
      <subfield code="a">UKM</subfield>
      <subfield code="c">UKM</subfield>
      <subfield code="d">YDXCP</subfield>
      <subfield code="d">BWK</subfield>
      <subfield code="d">SINLB</subfield>
      <subfield code="d">IWA</subfield>
      <subfield code="d">CDX</subfield>
    </datafield>
    <datafield tag="020" ind1=" " ind2=" ">
      <subfield code="a">9781444710649 (hbk.)</subfield>
    </datafield>
    <datafield tag="020" ind1=" " ind2=" ">
      <subfield code="a">1444710648 (hbk.)</subfield>
    </datafield>
    <datafield tag="082" ind1="0" ind2="4">
      <subfield code="a">823.92</subfield>
      <subfield code="2">22</subfield>
    </datafield>
    <datafield tag="050" ind1=" " ind2="4">
      <subfield code="a">PR6119.A953</subfield>
      <subfield code="b">A37 2011</subfield>
    </datafield>
    <datafield tag="100" ind1="1" ind2=" ">
      <subfield code="a">Saville, Guy,</subfield>
      <subfield code="d">1973-</subfield>
      <subfield code="0">http://id.loc.gov/authorities/names/no2011067082</subfield>
    </datafield>
    <datafield tag="245" ind1="1" ind2="4">
      <subfield code="a">The Afrika Reich /</subfield>
      <subfield code="c">Guy Saville.</subfield>
    </datafield>
    <datafield tag="260" ind1=" " ind2=" ">
      <subfield code="a">London :</subfield>
      <subfield code="b">Hodder &amp; Stoughton,</subfield>
      <subfield code="c">2011.</subfield>
    </datafield>
    <datafield tag="300" ind1=" " ind2=" ">
      <subfield code="a">433 p. :</subfield>
      <subfield code="b">map. ;</subfield>
      <subfield code="c">24 cm.</subfield>
    </datafield>
    <datafield tag="610" ind1="2" ind2="0">
      <subfield code="a">Waffen-SS</subfield>
      <subfield code="v">Fiction.</subfield>
    </datafield>
    <datafield tag="650" ind1=" " ind2="0">
      <subfield code="a">Nazis</subfield>
      <subfield code="z">Africa</subfield>
      <subfield code="v">Fiction.</subfield>
    </datafield>
    <datafield tag="650" ind1=" " ind2="0">
      <subfield code="a">Mercenary troops</subfield>
      <subfield code="v">Fiction.</subfield>
      <subfield code="0">http://id.loc.gov/authorities/subjects/sh2008107695</subfield>
    </datafield>
    <datafield tag="650" ind1=" " ind2="0">
      <subfield code="a">Suspense fiction.</subfield>
      <subfield code="0">http://id.loc.gov/authorities/subjects/sh98004883</subfield>
    </datafield>
    <datafield tag="655" ind1=" " ind2="7">
      <subfield code="a">Fiction.</subfield>
      <subfield code="2">lcgft</subfield>
      <subfield code="0">http://id.loc.gov/authorities/genreForms/gf2014026339</subfield>
    </datafield>
    <datafield tag="655" ind1=" " ind2="7">
      <subfield code="a">Fiction.</subfield>
      <subfield code="2">lcgft</subfield>
      <subfield code="0">http://id.loc.gov/authorities/genreForms/gf2014026339</subfield>
    </datafield>
    <datafield tag="852" ind1="0" ind2=" ">
      <subfield code="b">firestone</subfield>
      <subfield code="c">stacks</subfield>
      <subfield code="h">PR6119.A953</subfield>
      <subfield code="i">A37 2011</subfield>
      <subfield code="8">22519448160006421</subfield>
    </datafield>
  </record>