
  <record>
    <leader>00925dam a2200241 a 4500</leader>
    <controlfield tag="005">20200928115425.0</controlfield>
    <controlfield tag="008">110404s2011    enk           000 0 eng d</controlfield>
    <controlfield tag="001">9965951043506421</controlfield>
    <datafield tag="035" ind1=" " ind2=" ">
      <subfield code="a">6595104</subfield>
    </datafield>
    <datafield tag="035" ind1=" " ind2=" ">
      <subfield code="a">(OCoLC)ocn751144995</subfield>
      <subfield code="z">(OCoLC)ocn711039755</subfield>
      <subfield code="z">(OCoLC)ocn861431257</subfield>
    </datafield>
    <datafield tag="035" ind1=" " ind2=" ">
      <subfield code="a">(NjP)6595104-princetondb</subfield>
    </datafield>
    <datafield tag="035" ind1=" " ind2=" ">
      <subfield code="z">(OCoLC)711039755</subfield>
      <subfield code="z">(OCoLC)861431257</subfield>
    </datafield>
    <datafield tag="040" ind1=" " ind2=" ">
      <subfield code="a">CDX</subfield>
      <subfield code="b">eng</subfield>
      <subfield code="c">CDX</subfield>
      <subfield code="d">OCLCQ</subfield>
      <subfield code="d">NSELP</subfield>
    </datafield>
    <datafield tag="020" ind1=" " ind2=" ">
      <subfield code="a">0330530127 (pbk.)</subfield>
    </datafield>
    <datafield tag="020" ind1=" " ind2=" ">
      <subfield code="a">9780330530125 (pbk.)</subfield>
    </datafield>
    <datafield tag="050" ind1=" " ind2="4">
      <subfield code="a">PR6123.O5273</subfield>
      <subfield code="b">G62 2011</subfield>
    </datafield>
    <datafield tag="019" ind1=" " ind2=" ">
      <subfield code="a">711039755</subfield>
      <subfield code="a">861431257</subfield>
    </datafield>
    <datafield tag="100" ind1="1" ind2=" ">
      <subfield code="a">Wood, Naomi.</subfield>
      <subfield code="0">http://id.loc.gov/authorities/names/no2011118789</subfield>
    </datafield>
    <datafield tag="245" ind1="1" ind2="4">
      <subfield code="a">The godless boys :</subfield>
      <subfield code="b">a story of love and violence /</subfield>
      <subfield code="c">Naomi Wood.</subfield>
    </datafield>
    <datafield tag="260" ind1=" " ind2=" ">
      <subfield code="a">London :</subfield>
      <subfield code="b">Picador,</subfield>
      <subfield code="c">2011.</subfield>
    </datafield>
    <datafield tag="300" ind1=" " ind2=" ">
      <subfield code="a">356 p. ;</subfield>
      <subfield code="c">22 cm.</subfield>
    </datafield>
    <datafield tag="650" ind1=" " ind2="0">
      <subfield code="a">Mothers and daughters</subfield>
      <subfield code="v">Fiction.</subfield>
      <subfield code="0">http://id.loc.gov/authorities/subjects/sh2008107237</subfield>
    </datafield>
    <datafield tag="655" ind1=" " ind2="7">
      <subfield code="a">Fiction.</subfield>
      <subfield code="2">lcgft</subfield>
      <subfield code="0">http://id.loc.gov/authorities/genreForms/gf2014026339</subfield>
    </datafield>
    <datafield tag="852" ind1="0" ind2=" ">
      <subfield code="b">firestone</subfield>
      <subfield code="c">stacks</subfield>
      <subfield code="h">PR6123.O5273</subfield>
      <subfield code="i">G62 2011</subfield>
      <subfield code="8">22567440870006421</subfield>
    </datafield>
  </record>