
  <record>
    <leader>01432dam a2200313Ia 4500</leader>
    <controlfield tag="005">20200928115531.0</controlfield>
    <controlfield tag="008">101203s2011    mauaf    b    001 0beng  </controlfield>
    <controlfield tag="001">9965965003506421</controlfield>
    <datafield tag="010" ind1=" " ind2=" ">
      <subfield code="a">  2010049772</subfield>
    </datafield>
    <datafield tag="035" ind1=" " ind2=" ">
      <subfield code="a">(OCoLC)ocn651912277</subfield>
    </datafield>
    <datafield tag="035" ind1=" " ind2=" ">
      <subfield code="a">6596500</subfield>
    </datafield>
    <datafield tag="035" ind1=" " ind2=" ">
      <subfield code="a">(OCoLC)651912277</subfield>
    </datafield>
    <datafield tag="035" ind1=" " ind2=" ">
      <subfield code="a">(NjP)6596500-princetondb</subfield>
    </datafield>
    <datafield tag="040" ind1=" " ind2=" ">
      <subfield code="a">DLC</subfield>
      <subfield code="c">DLC</subfield>
      <subfield code="d">IG#</subfield>
      <subfield code="d">BTCTA</subfield>
      <subfield code="d">YDXCP</subfield>
      <subfield code="d">UPZ</subfield>
      <subfield code="d">VP@</subfield>
      <subfield code="d">CDX</subfield>
      <subfield code="d">DGU</subfield>
    </datafield>
    <datafield tag="020" ind1=" " ind2=" ">
      <subfield code="a">9780547327938</subfield>
    </datafield>
    <datafield tag="020" ind1=" " ind2=" ">
      <subfield code="a">0547327935</subfield>
    </datafield>
    <datafield tag="043" ind1=" " ind2=" ">
      <subfield code="a">n-us---</subfield>
      <subfield code="a">n-us-ny</subfield>
    </datafield>
    <datafield tag="050" ind1="0" ind2="0">
      <subfield code="a">GV865.J48</subfield>
      <subfield code="b">O27 2011</subfield>
    </datafield>
    <datafield tag="082" ind1="0" ind2="0">
      <subfield code="a">796.357092</subfield>
      <subfield code="a">B</subfield>
      <subfield code="2">22</subfield>
    </datafield>
    <datafield tag="100" ind1="1" ind2=" ">
      <subfield code="a">O'Connor, Ian.</subfield>
      <subfield code="0">http://id.loc.gov/authorities/names/n90670264</subfield>
    </datafield>
    <datafield tag="245" ind1="1" ind2="4">
      <subfield code="a">The captain :</subfield>
      <subfield code="b">the journey of Derek Jeter /</subfield>
      <subfield code="c">Ian O'Connor.</subfield>
    </datafield>
    <datafield tag="260" ind1=" " ind2=" ">
      <subfield code="a">Boston :</subfield>
      <subfield code="b">Houghton Mifflin Harcourt,</subfield>
      <subfield code="c">2011.</subfield>
    </datafield>
    <datafield tag="300" ind1=" " ind2=" ">
      <subfield code="a">xii, 400 p., [8] p. of plates :</subfield>
      <subfield code="b">ill.,</subfield>
      <subfield code="c">24 cm.</subfield>
    </datafield>
    <datafield tag="504" ind1=" " ind2=" ">
      <subfield code="a">Includes bibliographical references (p. [388] - 389) and index.</subfield>
    </datafield>
    <datafield tag="520" ind1=" " ind2=" ">
      <subfield code="a">O'Connor draws on unique access to Derek Jeter and more than 200 new interviews to reveal how a biracial kid from Michigan became New York's most beloved sports figure and the face of the steroid-free athlete.</subfield>
    </datafield>
    <datafield tag="600" ind1="1" ind2="0">
      <subfield code="a">Jeter, Derek,</subfield>
      <subfield code="d">1974-</subfield>
      <subfield code="0">http://id.loc.gov/authorities/names/n98044815</subfield>
    </datafield>
    <datafield tag="650" ind1=" " ind2="0">
      <subfield code="a">Baseball players</subfield>
      <subfield code="z">United States</subfield>
      <subfield code="v">Biography.</subfield>
      <subfield code="0">http://id.loc.gov/authorities/subjects/sh2007101902</subfield>
    </datafield>
    <datafield tag="610" ind1="2" ind2="0">
      <subfield code="a">New York Yankees (Baseball team)</subfield>
      <subfield code="0">http://id.loc.gov/authorities/names/n81118918</subfield>
    </datafield>
    <datafield tag="852" ind1="0" ind2=" ">
      <subfield code="b">firestone</subfield>
      <subfield code="c">stacks</subfield>
      <subfield code="h">GV865.J48</subfield>
      <subfield code="i">O27 2011</subfield>
      <subfield code="8">22493006120006421</subfield>
    </datafield>
  </record>