
  <record>
    <leader>00833dam a2200253 a 4500</leader>
    <controlfield tag="005">20200928140336.0</controlfield>
    <controlfield tag="008">110617s2011    fr            000 0 fre d</controlfield>
    <controlfield tag="001">9967335823506421</controlfield>
    <datafield tag="035" ind1=" " ind2=" ">
      <subfield code="a">(OCoLC)ocn734008231</subfield>
    </datafield>
    <datafield tag="035" ind1=" " ind2=" ">
      <subfield code="a">(FrPJT)JTL00295539</subfield>
    </datafield>
    <datafield tag="035" ind1=" " ind2=" ">
      <subfield code="a">6733582</subfield>
    </datafield>
    <datafield tag="035" ind1=" " ind2=" ">
      <subfield code="a">(OCoLC)734008231</subfield>
    </datafield>
    <datafield tag="035" ind1=" " ind2=" ">
      <subfield code="a">(NjP)6733582-princetondb</subfield>
    </datafield>
    <datafield tag="040" ind1=" " ind2=" ">
      <subfield code="a">TZT</subfield>
      <subfield code="c">TZT</subfield>
    </datafield>
    <datafield tag="020" ind1=" " ind2=" ">
      <subfield code="a">9782363470119</subfield>
    </datafield>
    <datafield tag="020" ind1=" " ind2=" ">
      <subfield code="a">2363470117</subfield>
    </datafield>
    <datafield tag="050" ind1=" " ind2="4">
      <subfield code="a">GV705</subfield>
      <subfield code="b">B56 2011</subfield>
    </datafield>
    <datafield tag="100" ind1="1" ind2=" ">
      <subfield code="a">Blondin, Antoine.</subfield>
      <subfield code="0">http://id.loc.gov/authorities/names/n50016690</subfield>
    </datafield>
    <datafield tag="245" ind1="1" ind2="3">
      <subfield code="a">Le muscle et la plume :</subfield>
      <subfield code="b">42 chroniques sportives singulières /</subfield>
      <subfield code="c">Antoine Blondin ; édition établie par Benoît Heimermann.</subfield>
    </datafield>
    <datafield tag="260" ind1=" " ind2=" ">
      <subfield code="a">Paris :</subfield>
      <subfield code="b">L'équipe,</subfield>
      <subfield code="c">2011.</subfield>
    </datafield>
    <datafield tag="300" ind1=" " ind2=" ">
      <subfield code="a">187 p. :</subfield>
      <subfield code="b">ill.</subfield>
      <subfield code="c">21 cm.</subfield>
    </datafield>
    <datafield tag="650" ind1=" " ind2="0">
      <subfield code="a">Sports</subfield>
      <subfield code="x">History.</subfield>
      <subfield code="y">20th century.</subfield>
    </datafield>
    <datafield tag="852" ind1="0" ind2=" ">
      <subfield code="b">firestone</subfield>
      <subfield code="c">stacks</subfield>
      <subfield code="h">GV705</subfield>
      <subfield code="i">B56 2011</subfield>
      <subfield code="8">22483792350006421</subfield>
    </datafield>
  </record>