
  <record>
    <leader>01594dam a2200397Ii 4500</leader>
    <controlfield tag="005">20201002135033.0</controlfield>
    <controlfield tag="008">130503s2013    enk           000 j eng d</controlfield>
    <controlfield tag="001">9982136143506421</controlfield>
    <datafield tag="035" ind1=" " ind2=" ">
      <subfield code="a">(OCoLC)ocn856201326</subfield>
    </datafield>
    <datafield tag="035" ind1=" " ind2=" ">
      <subfield code="a">8213614</subfield>
    </datafield>
    <datafield tag="035" ind1=" " ind2=" ">
      <subfield code="a">(OCoLC)856201326</subfield>
    </datafield>
    <datafield tag="035" ind1=" " ind2=" ">
      <subfield code="a">(NjP)8213614-princetondb</subfield>
    </datafield>
    <datafield tag="040" ind1=" " ind2=" ">
      <subfield code="a">UKMGB</subfield>
      <subfield code="b">eng</subfield>
      <subfield code="c">UKMGB</subfield>
      <subfield code="d">CDX</subfield>
      <subfield code="d">NZAUC</subfield>
      <subfield code="d">YDXCP</subfield>
      <subfield code="d">GZM</subfield>
      <subfield code="d">IDU</subfield>
      <subfield code="d">NYP</subfield>
      <subfield code="d">OCLCF</subfield>
      <subfield code="d">CHVBK</subfield>
      <subfield code="d">ZCU</subfield>
    </datafield>
    <datafield tag="015" ind1=" " ind2=" ">
      <subfield code="a">GBB372503</subfield>
      <subfield code="2">bnb</subfield>
    </datafield>
    <datafield tag="016" ind1="7" ind2=" ">
      <subfield code="a">016473488</subfield>
      <subfield code="2">Uk</subfield>
    </datafield>
    <datafield tag="020" ind1=" " ind2=" ">
      <subfield code="a">9781907773570 (pbk.)</subfield>
    </datafield>
    <datafield tag="020" ind1=" " ind2=" ">
      <subfield code="a">1907773576 (pbk.)</subfield>
    </datafield>
    <datafield tag="050" ind1=" " ind2="4">
      <subfield code="a">PR</subfield>
    </datafield>
    <datafield tag="050" ind1=" " ind2="4">
      <subfield code="a">PR6118.O836</subfield>
      <subfield code="b">P67 2013</subfield>
    </datafield>
    <datafield tag="082" ind1="0" ind2="4">
      <subfield code="a">823.92</subfield>
      <subfield code="2">23</subfield>
    </datafield>
    <datafield tag="049" ind1=" " ind2=" ">
      <subfield code="a">PULL</subfield>
    </datafield>
    <datafield tag="100" ind1="1" ind2=" ">
      <subfield code="a">Rose, David,</subfield>
      <subfield code="d">1949 August 23-</subfield>
      <subfield code="e">author.</subfield>
      <subfield code="0">http://id.loc.gov/authorities/names/no2015038883</subfield>
    </datafield>
    <datafield tag="245" ind1="1" ind2="0">
      <subfield code="a">Posthumous stories /</subfield>
      <subfield code="c">David Rose.</subfield>
    </datafield>
    <datafield tag="264" ind1=" " ind2="1">
      <subfield code="a">Cromer, Norfolk :</subfield>
      <subfield code="b">Salt,</subfield>
      <subfield code="c">2013.</subfield>
    </datafield>
    <datafield tag="300" ind1=" " ind2=" ">
      <subfield code="a">xiv, 210 pages ;</subfield>
      <subfield code="c">20 cm</subfield>
    </datafield>
    <datafield tag="336" ind1=" " ind2=" ">
      <subfield code="a">text</subfield>
      <subfield code="2">rdacontent</subfield>
    </datafield>
    <datafield tag="337" ind1=" " ind2=" ">
      <subfield code="a">unmediated</subfield>
      <subfield code="2">rdamedia</subfield>
    </datafield>
    <datafield tag="338" ind1=" " ind2=" ">
      <subfield code="a">volume</subfield>
      <subfield code="2">rdacarrier</subfield>
    </datafield>
    <datafield tag="505" ind1="1" ind2=" ">
      <subfield code="a">Dedication -- A Nice Bucket -- Private View -- Flora -- The Fall -- The Fifth Beatle -- Viyborg - A Novel -- Clean -- Rectilinear -- In Evening Soft Light -- Shuffle -- Lector -- Tragos -- Zimmerman -- Home -- The Castle.</subfield>
    </datafield>
    <datafield tag="650" ind1=" " ind2="0">
      <subfield code="a">Short stories, English.</subfield>
      <subfield code="0">http://id.loc.gov/authorities/subjects/sh85121854</subfield>
    </datafield>
    <datafield tag="650" ind1=" " ind2="7">
      <subfield code="a">Short stories, English.</subfield>
      <subfield code="2">fast</subfield>
      <subfield code="0">(OCoLC)fst01117174</subfield>
    </datafield>
    <datafield tag="650" ind1=" " ind2="7">
      <subfield code="a">Kurzgeschichte.</subfield>
      <subfield code="0">(DE-588)4033842-3</subfield>
      <subfield code="2">gnd</subfield>
    </datafield>
    <datafield tag="650" ind1=" " ind2="7">
      <subfield code="a">Englisch.</subfield>
      <subfield code="0">(DE-588)4014777-0</subfield>
      <subfield code="2">gnd</subfield>
    </datafield>
    <datafield tag="655" ind1=" " ind2="7">
      <subfield code="a">Short stories.</subfield>
      <subfield code="2">lcgft</subfield>
      <subfield code="0">http://id.loc.gov/authorities/genreForms/gf2014026542</subfield>
    </datafield>
    <datafield tag="852" ind1="0" ind2=" ">
      <subfield code="b">firestone</subfield>
      <subfield code="c">stacks</subfield>
      <subfield code="h">PR6118.O836</subfield>
      <subfield code="i">P67 2013</subfield>
      <subfield code="8">22616685740006421</subfield>
    </datafield>
  </record>