
  <record>
    <leader>01830dam a2200373 a 4500</leader>
    <controlfield tag="005">20201002132809.0</controlfield>
    <controlfield tag="008">121008s2012    tr ab         000 1 eng d</controlfield>
    <controlfield tag="001">9982805493506421</controlfield>
    <datafield tag="035" ind1=" " ind2=" ">
      <subfield code="a">(OCoLC)ocn812197108</subfield>
    </datafield>
    <datafield tag="035" ind1=" " ind2=" ">
      <subfield code="a">8280549</subfield>
    </datafield>
    <datafield tag="035" ind1=" " ind2=" ">
      <subfield code="a">(OCoLC)812197108</subfield>
    </datafield>
    <datafield tag="035" ind1=" " ind2=" ">
      <subfield code="a">(NjP)8280549-princetondb</subfield>
    </datafield>
    <datafield tag="040" ind1=" " ind2=" ">
      <subfield code="a">BWS</subfield>
      <subfield code="c">BWS</subfield>
      <subfield code="d">YDXCP</subfield>
      <subfield code="d">UKMGB</subfield>
      <subfield code="d">ZCU</subfield>
      <subfield code="d">NjP</subfield>
    </datafield>
    <datafield tag="016" ind1="7" ind2=" ">
      <subfield code="a">016425939</subfield>
      <subfield code="2">Uk</subfield>
    </datafield>
    <datafield tag="020" ind1=" " ind2=" ">
      <subfield code="a">9789768228017</subfield>
    </datafield>
    <datafield tag="020" ind1=" " ind2=" ">
      <subfield code="a">9768228016</subfield>
    </datafield>
    <datafield tag="043" ind1=" " ind2=" ">
      <subfield code="a">nwtr---</subfield>
    </datafield>
    <datafield tag="090" ind1=" " ind2=" ">
      <subfield code="a">PR9272.9.R36</subfield>
      <subfield code="b">L58 2012</subfield>
    </datafield>
    <datafield tag="100" ind1="1" ind2=" ">
      <subfield code="a">Rampersad, Kris,</subfield>
      <subfield code="e">author.</subfield>
      <subfield code="0">http://id.loc.gov/authorities/names/nb2003041113</subfield>
    </datafield>
    <datafield tag="245" ind1="1" ind2="0">
      <subfield code="a">Littscapes :</subfield>
      <subfield code="b">landscapes of fiction from Trinidad and Tobago /</subfield>
      <subfield code="c">Kris Rampersad.</subfield>
    </datafield>
    <datafield tag="260" ind1=" " ind2=" ">
      <subfield code="a">St. Augustine, Trinidad and Tobago :</subfield>
      <subfield code="b">Kris Rampersad,</subfield>
      <subfield code="c">c2012.</subfield>
    </datafield>
    <datafield tag="300" ind1=" " ind2=" ">
      <subfield code="a">202 p. :</subfield>
      <subfield code="b">col. ill., maps ;</subfield>
      <subfield code="c">28 cm.</subfield>
    </datafield>
    <datafield tag="500" ind1=" " ind2=" ">
      <subfield code="a">"Special Commemorative Edition : 50 years of Independence Trinidad and Tobago"--cover.</subfield>
    </datafield>
    <datafield tag="504" ind1=" " ind2=" ">
      <subfield code="a">Includes bibliographical references.</subfield>
    </datafield>
    <datafield tag="650" ind1=" " ind2="0">
      <subfield code="a">Trinidadian and Tobagonian literature</subfield>
      <subfield code="x">History and criticism</subfield>
      <subfield code="x">Description and travel.</subfield>
    </datafield>
    <datafield tag="650" ind1=" " ind2="0">
      <subfield code="a">Landscapes in literature</subfield>
      <subfield code="x">History and criticism</subfield>
      <subfield code="v">Pictorial works.</subfield>
    </datafield>
    <datafield tag="650" ind1=" " ind2="0">
      <subfield code="a">Landscapes in literature</subfield>
      <subfield code="x">Description and travel</subfield>
      <subfield code="v">Pictorial works.</subfield>
    </datafield>
    <datafield tag="651" ind1=" " ind2="0">
      <subfield code="a">Trinidad and Tobago</subfield>
      <subfield code="x">History and criticism</subfield>
      <subfield code="x">Politics and government.</subfield>
    </datafield>
    <datafield tag="650" ind1=" " ind2="0">
      <subfield code="a">Trinidadian and Tobagonian literature</subfield>
      <subfield code="x">History and criticism</subfield>
      <subfield code="x">Social aspects</subfield>
      <subfield code="v">Pictorial works.</subfield>
    </datafield>
    <datafield tag="650" ind1=" " ind2="0">
      <subfield code="a">Trinidadian and Tobagonian literature</subfield>
      <subfield code="x">History</subfield>
      <subfield code="x">Economic aspects</subfield>
      <subfield code="v">Pictorial works.</subfield>
    </datafield>
    <datafield tag="650" ind1=" " ind2="0">
      <subfield code="a">Trinidadian and Tobagonian literature</subfield>
      <subfield code="x">History and criticism</subfield>
      <subfield code="x">Environmental aspects.</subfield>
    </datafield>
    <datafield tag="650" ind1=" " ind2="0">
      <subfield code="a">Historic buildings</subfield>
      <subfield code="z">Trinidad and Tobago</subfield>
      <subfield code="x">History and criticism</subfield>
      <subfield code="x">Description and travel.</subfield>
    </datafield>
    <datafield tag="655" ind1=" " ind2="7">
      <subfield code="a">Fiction.</subfield>
      <subfield code="2">lcgft</subfield>
      <subfield code="0">http://id.loc.gov/authorities/genreForms/gf2014026339</subfield>
    </datafield>
    <datafield tag="852" ind1="0" ind2=" ">
      <subfield code="b">firestone</subfield>
      <subfield code="c">stacks</subfield>
      <subfield code="h">PR9272.9.R36</subfield>
      <subfield code="i">L58 2012</subfield>
      <subfield code="8">22586944710006421</subfield>
    </datafield>
  </record>