
  <record>
    <leader>02134dam a22003858i 4500</leader>
    <controlfield tag="005">20201002205358.0</controlfield>
    <controlfield tag="008">131112t20142014flua     b    001 0 eng c</controlfield>
    <controlfield tag="001">9984886183506421</controlfield>
    <datafield tag="010" ind1=" " ind2=" ">
      <subfield code="a">  2013045079</subfield>
    </datafield>
    <datafield tag="035" ind1=" " ind2=" ">
      <subfield code="a">(OCoLC)ocn857740671</subfield>
    </datafield>
    <datafield tag="035" ind1=" " ind2=" ">
      <subfield code="a">8488618</subfield>
    </datafield>
    <datafield tag="035" ind1=" " ind2=" ">
      <subfield code="a">(OCoLC)857740671</subfield>
    </datafield>
    <datafield tag="035" ind1=" " ind2=" ">
      <subfield code="a">(NjP)8488618-princetondb</subfield>
    </datafield>
    <datafield tag="040" ind1=" " ind2=" ">
      <subfield code="a">FUG/DLC</subfield>
      <subfield code="b">eng</subfield>
      <subfield code="e">rda</subfield>
      <subfield code="c">FUG</subfield>
      <subfield code="d">DLC</subfield>
      <subfield code="d">YDXCP</subfield>
      <subfield code="d">BTCTA</subfield>
      <subfield code="d">BDX</subfield>
      <subfield code="d">OCLCO</subfield>
      <subfield code="d">NjP</subfield>
    </datafield>
    <datafield tag="020" ind1=" " ind2=" ">
      <subfield code="a">9780813049489</subfield>
    </datafield>
    <datafield tag="020" ind1=" " ind2=" ">
      <subfield code="a">0813049482</subfield>
    </datafield>
    <datafield tag="042" ind1=" " ind2=" ">
      <subfield code="a">pcc</subfield>
    </datafield>
    <datafield tag="043" ind1=" " ind2=" ">
      <subfield code="a">n-us-fl</subfield>
    </datafield>
    <datafield tag="050" ind1="0" ind2="0">
      <subfield code="a">GV839.65.F5</subfield>
      <subfield code="b">A46 2014</subfield>
    </datafield>
    <datafield tag="100" ind1="1" ind2=" ">
      <subfield code="a">Aho, Paul,</subfield>
      <subfield code="e">author.</subfield>
      <subfield code="0">http://id.loc.gov/authorities/names/no2013126138</subfield>
    </datafield>
    <datafield tag="245" ind1="1" ind2="0">
      <subfield code="a">Surfing Florida :</subfield>
      <subfield code="b">a photographic history /</subfield>
      <subfield code="c">Paul Aho ; with Rod Faulds.</subfield>
    </datafield>
    <datafield tag="264" ind1=" " ind2="1">
      <subfield code="a">Gainesville :</subfield>
      <subfield code="b">University Press of Florida,</subfield>
      <subfield code="c">[2014].</subfield>
    </datafield>
    <datafield tag="264" ind1=" " ind2="4">
      <subfield code="c">©2014.</subfield>
    </datafield>
    <datafield tag="300" ind1=" " ind2=" ">
      <subfield code="a">viii, 264 pages :</subfield>
      <subfield code="b">color illustrations ;</subfield>
      <subfield code="c">26 cm</subfield>
    </datafield>
    <datafield tag="336" ind1=" " ind2=" ">
      <subfield code="a">text</subfield>
      <subfield code="2">rdacontent</subfield>
    </datafield>
    <datafield tag="337" ind1=" " ind2=" ">
      <subfield code="a">unmediated</subfield>
      <subfield code="2">rdamedia</subfield>
    </datafield>
    <datafield tag="338" ind1=" " ind2=" ">
      <subfield code="a">volume</subfield>
      <subfield code="2">rdacarrier</subfield>
    </datafield>
    <datafield tag="504" ind1=" " ind2=" ">
      <subfield code="a">Includes bibliographical references and index.</subfield>
    </datafield>
    <datafield tag="505" ind1="0" ind2=" ">
      <subfield code="a">Part I: Unlikely origins -- Florida surfing origins / Scott Edwards -- Unlikely beginnings -- Florida's maritime history / Mark long -- Creating the Sunshine State / Fred Fejes -- Part II: The regions -- Miami and Broward County -- Palm Beach County and the Treasure Coast -- The Space Coast -- Daytona and New Smyrna Beach -- Northeast Florida -- The Emerald Coast, Florida's panhandle -- The southern gulf -- Part III: Florida and surfing's international dimensions -- Travel and wanderlust -- Expatriates -- Shapers and the surfboard industry -- Religion and surfing's spiritual core / Bron Taylor -- The right to surf / Tom Ankerson -- Competitions -- Land, sea, and air / Craig Snyder -- Florida surf rock, then and now / James E. Cunningham.</subfield>
    </datafield>
    <datafield tag="650" ind1=" " ind2="0">
      <subfield code="a">Surfing</subfield>
      <subfield code="z">Florida</subfield>
      <subfield code="v">Pictorial works.</subfield>
    </datafield>
    <datafield tag="650" ind1=" " ind2="0">
      <subfield code="a">Surfers</subfield>
      <subfield code="z">Florida</subfield>
      <subfield code="v">Pictorial works.</subfield>
    </datafield>
    <datafield tag="650" ind1=" " ind2="0">
      <subfield code="a">Surfer photography</subfield>
      <subfield code="z">Florida.</subfield>
    </datafield>
    <datafield tag="651" ind1=" " ind2="0">
      <subfield code="a">Florida</subfield>
      <subfield code="v">Pictorial works.</subfield>
      <subfield code="0">http://id.loc.gov/authorities/subjects/sh2008115047</subfield>
    </datafield>
    <datafield tag="700" ind1="1" ind2=" ">
      <subfield code="a">Faulds, W. Rod.</subfield>
      <subfield code="0">http://id.loc.gov/authorities/names/no2011108397</subfield>
    </datafield>
    <datafield tag="852" ind1="0" ind2=" ">
      <subfield code="b">firestone</subfield>
      <subfield code="c">stacks</subfield>
      <subfield code="h">GV839.65.F5</subfield>
      <subfield code="i">A46 2014</subfield>
      <subfield code="8">22737456090006421</subfield>
    </datafield>
  </record>