
  <record>
    <leader>05833dam a2200385 i 4500</leader>
    <controlfield tag="005">20201005105608.0</controlfield>
    <controlfield tag="008">130930t20132013onc      b    001 0 eng d</controlfield>
    <controlfield tag="001">9985358743506421</controlfield>
    <datafield tag="035" ind1=" " ind2=" ">
      <subfield code="a">(OCoLC)ocn859151751</subfield>
    </datafield>
    <datafield tag="035" ind1=" " ind2=" ">
      <subfield code="a">8535874</subfield>
    </datafield>
    <datafield tag="035" ind1=" " ind2=" ">
      <subfield code="a">(OCoLC)859151751</subfield>
    </datafield>
    <datafield tag="035" ind1=" " ind2=" ">
      <subfield code="a">(NjP)8535874-princetondb</subfield>
    </datafield>
    <datafield tag="040" ind1=" " ind2=" ">
      <subfield code="a">UAT</subfield>
      <subfield code="c">UAT</subfield>
      <subfield code="b">eng</subfield>
      <subfield code="e">rda</subfield>
      <subfield code="d">OCLCO</subfield>
      <subfield code="d">CDX</subfield>
      <subfield code="d">LHU</subfield>
      <subfield code="d">AZU</subfield>
    </datafield>
    <datafield tag="020" ind1=" " ind2=" ">
      <subfield code="a">9780986647833</subfield>
    </datafield>
    <datafield tag="020" ind1=" " ind2=" ">
      <subfield code="a">0986647837</subfield>
    </datafield>
    <datafield tag="050" ind1=" " ind2="4">
      <subfield code="a">GV709.18.C2</subfield>
      <subfield code="b">P593 2013</subfield>
    </datafield>
    <datafield tag="245" ind1="0" ind2="0">
      <subfield code="a">Playing it forward :</subfield>
      <subfield code="b">50 years of women and sport in Canada = Pour celles qui suivront : 50 ans d'histoire de femmes en sport au Canada /</subfield>
      <subfield code="c">edited by/sous la direction de Guylaine Demers, Lorraine Greaves, Sandra Kirby, Marion Lay.</subfield>
    </datafield>
    <datafield tag="246" ind1="3" ind2="1">
      <subfield code="a">Pour celles qui suivront :</subfield>
      <subfield code="b">50 ans d'histoire de femmes en sport au Canada</subfield>
    </datafield>
    <datafield tag="264" ind1=" " ind2="1">
      <subfield code="a">Ottawa :</subfield>
      <subfield code="b">Feminist History Society/Société d'histoire féministe,</subfield>
      <subfield code="c">[2013].</subfield>
    </datafield>
    <datafield tag="264" ind1=" " ind2="4">
      <subfield code="c">©2013</subfield>
    </datafield>
    <datafield tag="300" ind1=" " ind2=" ">
      <subfield code="a">xxix, 385 pages ;</subfield>
      <subfield code="c">24 cm</subfield>
    </datafield>
    <datafield tag="336" ind1=" " ind2=" ">
      <subfield code="a">text</subfield>
      <subfield code="b">txt</subfield>
      <subfield code="2">rdacontent</subfield>
    </datafield>
    <datafield tag="337" ind1=" " ind2=" ">
      <subfield code="a">unmediated</subfield>
      <subfield code="b">n</subfield>
      <subfield code="2">rdamedia</subfield>
    </datafield>
    <datafield tag="338" ind1=" " ind2=" ">
      <subfield code="a">volume</subfield>
      <subfield code="b">nc</subfield>
      <subfield code="2">rdacarrier</subfield>
    </datafield>
    <datafield tag="546" ind1=" " ind2=" ">
      <subfield code="a">Essays in French and English.</subfield>
    </datafield>
    <datafield tag="504" ind1=" " ind2=" ">
      <subfield code="a">Includes bibliographical references and index.</subfield>
    </datafield>
    <datafield tag="505" ind1="0" ind2=" ">
      <subfield code="a">Saying yes to Trudeau / Iona Campagnolo -- Homage to the sisterhood / Bruce Kidd -- Opening doors for women: In conversation with Marion Lay -- Becoming a feminist academic / M. Ann Hall -- My brilliant beaitiful bicycle / Laura Robinson -- Skating in the drainage ditches / Hayley Wickenheiser -- Representing team Mi ́knaw / Jason Peters on Sara-Lynne Knockwood -- 32 ans dans le système, et puis quoi? / Sylvie Béliveau -- Marginal belonging / Danielle Peers -- Maintaining control of the ball while running / Heather Thompson -- Breaking news: women love football / Michelle Lee -- Old basketball players rumble on / Heather Waddell -- Born with a jib sheet in my hands / Erika Vines -- Being a powerful girl / Fiona Joy Green -- You're going to have to change with the boys / Keri Cress -- l ́atteinte du reve Olympique: à quel prix? -- A joyous, never ending flow of women / Phyllis Berck -- Reflections of a centennial baby: How sport has shaped my life -- Where are the women in sport leadership? Debunking the myth that it was federal government policy priority / Pamela Lewis -- Running to catch up: Women in sport Canada / diane Palmason -- Gaining momentum: The formation of the Canadian Association for the Advancement of Women and Sport and Physical Activity (CAAWS) 1981 / Karin Lofstrom -- For she who is not there: On the move / Sydeny Millar -- Women, let the games begin! In conversation with Sue Hylland / Jennifer Highes -- "Wait a minute, this isn't equal" In conversation with Pat Hunt / sheila Robertson -- D ́inconnue à alliée: Égale action, sport et équité / Elaine Lauzon et Guylaine Demers -- Women and sport go Provincial: The story of ProMOTION Plus / Sue Griffin -- Play it forward: Sustaining ProMOTION Plus in Victoria / Patti Hunter -- Blending feminist principles and entrepreneurial goals: In conversation with Bryna Kopelow -- Beyond the open door: Gender equity and municipal recreation / Cindy Crapper -- Effecting change from within: My journey from athlete to advocate / Charmaine Crooks -- "Miss world championships" and other challenges: Reflections on women at the international level / Tricia Smith</subfield>
    </datafield>
    <datafield tag="505" ind1="0" ind2=" ">
      <subfield code="a">Winning at the Commonwealth Games: The achievement of gender equity / Judy Kent -- The old gym became the girls' gym: Reflections across three generations / Marg McGregor -- Critical thinking on the pool desk: Not now, not ever? / Sarah Teetzel -- Pride and prejudice: How Aboriginal women have experienced Canadian sport / Janice Forsyth, Audrey R. Giles and Vanessa Lodge-Gagne -- It just makes sense: Media coverage of women's sport / Nancy Lee -- Clashing values: Gender equity, Canada and the International Olympic Committee / Nikki Dryden -- The tarnished side of the medal: sexual harassment and abuse / Sandra Kirby -- Sexually suspect: Single, athletic and female / Guylaine Demers -- In women's sport, who are the women? / Sandra Kirby -- The hockey twins: Skill or gender? / Amy Pasternak and Jesse Pasternak -- Sharing time and space: Reallocating public facilities to girls / Janna Taylor -- Blainey, Pasternak and Sagen: Courts and public opinion / Hilary A. Findlay -- Les jeunnes athlètes féminines: Les risques du métier! / Sylvie Parent -- Sensibilité et victoires: Linda Marquis et la dynastie du coaching! / Guylaine Demers -- The snowball effect: Where are all the women coaches? / Margearet "Peggy" Gallant -- Feminine or feminist: Ruth Wilson comes of age with basketball / Christine Job -- Taking a stand against doping: Beckie Scott finally gets the gold / Jean Forrest -- Resisting Androcentric sport systems: Turning women athletics into leaders / Penny Werthner -- Et si je devenais entraineure? / Guylaine Demers -- Building feminist coaching knowledge: The national coaching school for women / Yvonne Becker and Patsy Pyke -- Homophobia, Hypocrisy and power abuse: Staying in charge of your body, goals and achievements / Betty Baxter -- Going abroad: The 1992 International Development Tour / Rose Mercier -- You can't be what you can't see / Sheilagh Croxon -- Femmes: êtes-vous prêtes? Partez! / Guylaine Bernier -- I simply stood and spoke for women: Real change hurts / Wendy Bedingfield.</subfield>
    </datafield>
    <datafield tag="650" ind1=" " ind2="0">
      <subfield code="a">Sports for women</subfield>
      <subfield code="z">Canada</subfield>
      <subfield code="x">History.</subfield>
    </datafield>
    <datafield tag="650" ind1=" " ind2="0">
      <subfield code="a">Feminism and sports</subfield>
      <subfield code="z">Canada</subfield>
      <subfield code="x">History.</subfield>
    </datafield>
    <datafield tag="700" ind1="1" ind2=" ">
      <subfield code="a">Demers, Guylaine,</subfield>
      <subfield code="e">editor.</subfield>
      <subfield code="0">http://id.loc.gov/authorities/names/no2014110083</subfield>
    </datafield>
    <datafield tag="700" ind1="1" ind2=" ">
      <subfield code="a">Greaves, Lorraine,</subfield>
      <subfield code="e">editor.</subfield>
      <subfield code="0">http://id.loc.gov/authorities/names/n93038301</subfield>
    </datafield>
    <datafield tag="700" ind1="1" ind2=" ">
      <subfield code="a">Kirby, Sandra,</subfield>
      <subfield code="d">1949-</subfield>
      <subfield code="e">editor.</subfield>
      <subfield code="0">http://id.loc.gov/authorities/names/n90678861</subfield>
    </datafield>
    <datafield tag="700" ind1="1" ind2=" ">
      <subfield code="a">Lay, Marion,</subfield>
      <subfield code="e">editor.</subfield>
    </datafield>
    <datafield tag="852" ind1="0" ind2=" ">
      <subfield code="b">firestone</subfield>
      <subfield code="c">stacks</subfield>
      <subfield code="h">GV709.18.C2</subfield>
      <subfield code="i">P593 2013</subfield>
      <subfield code="8">22661580650006421</subfield>
    </datafield>
  </record>