
  <record>
    <leader>03137dam a2200445 i 4500</leader>
    <controlfield tag="005">20201005105648.0</controlfield>
    <controlfield tag="008">131119r20142003nbuaf         001 0aeng  </controlfield>
    <controlfield tag="001">9985361743506421</controlfield>
    <datafield tag="010" ind1=" " ind2=" ">
      <subfield code="a">  2013046071</subfield>
    </datafield>
    <datafield tag="035" ind1=" " ind2=" ">
      <subfield code="a">(OCoLC)ocn861955751</subfield>
    </datafield>
    <datafield tag="035" ind1=" " ind2=" ">
      <subfield code="a">8536174</subfield>
    </datafield>
    <datafield tag="035" ind1=" " ind2=" ">
      <subfield code="a">(OCoLC)861955751</subfield>
    </datafield>
    <datafield tag="035" ind1=" " ind2=" ">
      <subfield code="a">(NjP)8536174-princetondb</subfield>
    </datafield>
    <datafield tag="040" ind1=" " ind2=" ">
      <subfield code="a">DLC</subfield>
      <subfield code="e">rda</subfield>
      <subfield code="b">eng</subfield>
      <subfield code="c">DLC</subfield>
      <subfield code="d">YDX</subfield>
      <subfield code="d">YDXCP</subfield>
      <subfield code="d">BTCTA</subfield>
      <subfield code="d">BDX</subfield>
      <subfield code="d">ZQP</subfield>
      <subfield code="d">OCLCO</subfield>
    </datafield>
    <datafield tag="020" ind1=" " ind2=" ">
      <subfield code="a">9780803248670 (paperback : alk. paper)</subfield>
    </datafield>
    <datafield tag="020" ind1=" " ind2=" ">
      <subfield code="a">0803248679 (paperback : alk. paper)</subfield>
    </datafield>
    <datafield tag="043" ind1=" " ind2=" ">
      <subfield code="a">n-us---</subfield>
    </datafield>
    <datafield tag="050" ind1="0" ind2="0">
      <subfield code="a">GV865.R57</subfield>
      <subfield code="b">A3 2014</subfield>
    </datafield>
    <datafield tag="082" ind1="0" ind2="0">
      <subfield code="a">796.357092</subfield>
      <subfield code="a">B</subfield>
      <subfield code="2">23</subfield>
    </datafield>
    <datafield tag="084" ind1=" " ind2=" ">
      <subfield code="a">BIO016000</subfield>
      <subfield code="a">SPO003030</subfield>
      <subfield code="2">bisacsh</subfield>
    </datafield>
    <datafield tag="049" ind1=" " ind2=" ">
      <subfield code="a">PULL</subfield>
    </datafield>
    <datafield tag="100" ind1="1" ind2=" ">
      <subfield code="a">Roberts, Robin,</subfield>
      <subfield code="d">1926-2010</subfield>
      <subfield code="e">author.</subfield>
      <subfield code="0">http://id.loc.gov/authorities/names/n96040111</subfield>
    </datafield>
    <datafield tag="245" ind1="1" ind2="0">
      <subfield code="a">Throwing hard easy :</subfield>
      <subfield code="b">reflections on a life in baseball /</subfield>
      <subfield code="c">Robin Roberts ; with C. Paul Rogers III ; foreword by Stan Musial ; new foreword by James Roberts ; new introduction by C. Paul Rogers III.</subfield>
    </datafield>
    <datafield tag="264" ind1=" " ind2="1">
      <subfield code="a">Lincoln [Nebraska] :</subfield>
      <subfield code="b">University of Nebraska Press,</subfield>
      <subfield code="c">2014.</subfield>
    </datafield>
    <datafield tag="300" ind1=" " ind2=" ">
      <subfield code="a">xxviii, 286 pages, 14 unnumbered pages of plates ;</subfield>
      <subfield code="c">23 cm</subfield>
    </datafield>
    <datafield tag="336" ind1=" " ind2=" ">
      <subfield code="a">text</subfield>
      <subfield code="2">rdacontent</subfield>
    </datafield>
    <datafield tag="337" ind1=" " ind2=" ">
      <subfield code="a">unmediated</subfield>
      <subfield code="2">rdamedia</subfield>
    </datafield>
    <datafield tag="338" ind1=" " ind2=" ">
      <subfield code="a">volume</subfield>
      <subfield code="2">rdacarrier</subfield>
    </datafield>
    <datafield tag="500" ind1=" " ind2=" ">
      <subfield code="a">Includes index.</subfield>
    </datafield>
    <datafield tag="500" ind1=" " ind2=" ">
      <subfield code="a">Previously titled: My life in baseball, 2003.</subfield>
    </datafield>
    <datafield tag="500" ind1=" " ind2=" ">
      <subfield code="a">Originally published: Chicago : Triumph Books, 2003.</subfield>
    </datafield>
    <datafield tag="520" ind1=" " ind2=" ">
      <subfield code="a">"With a seemingly effortless motion, pinpoint control, a blazing, dancing fastball, and an unequaled competitive spirit, Robin Roberts enjoyed one of the most celebrated careers in baseball history. He made his Major League debut in the summer of 1948 and became one of the most notable sports figures of the fifties. His many accomplishments on the mound helped to make him one of the more distinguished residents of Cooperstown, and he will always be remembered as the most dominant National League pitcher of his time. In addition, Roberts was as impressive a storyteller as he was an athlete, and his experiences and encounters leading up to, throughout, and following his incredible nineteen-year career made for an extraordinary life. Throwing Hard Easy is Roberts's own account, recalling his childhood, his playing days, and life after baseball. This edition features new photographs and a new foreword by his son, James Roberts, as well as a new introduction by his coauthor and lifelong fan, C. Paul Rogers III. "--</subfield>
      <subfield code="c">Provided by publisher.</subfield>
    </datafield>
    <datafield tag="520" ind1=" " ind2=" ">
      <subfield code="a">"Autobiography of great Phillies pitcher Robin Roberts"--</subfield>
      <subfield code="c">Provided by publisher.</subfield>
    </datafield>
    <datafield tag="600" ind1="1" ind2="0">
      <subfield code="a">Roberts, Robin,</subfield>
      <subfield code="d">1926-2010.</subfield>
      <subfield code="0">http://id.loc.gov/authorities/names/n96040111</subfield>
    </datafield>
    <datafield tag="650" ind1=" " ind2="0">
      <subfield code="a">Baseball players</subfield>
      <subfield code="z">United States</subfield>
      <subfield code="v">Biography.</subfield>
      <subfield code="0">http://id.loc.gov/authorities/subjects/sh2007101902</subfield>
    </datafield>
    <datafield tag="700" ind1="1" ind2=" ">
      <subfield code="a">Roberts, Robin,</subfield>
      <subfield code="d">1926-2010.</subfield>
      <subfield code="t">My life in baseball.</subfield>
    </datafield>
    <datafield tag="700" ind1="1" ind2=" ">
      <subfield code="a">Rogers, C. Paul,</subfield>
      <subfield code="e">author.</subfield>
      <subfield code="0">http://id.loc.gov/authorities/names/n85220490</subfield>
    </datafield>
    <datafield tag="700" ind1="1" ind2=" ">
      <subfield code="a">Musial, Stan,</subfield>
      <subfield code="d">1920-2013,</subfield>
      <subfield code="e">author of foreword.</subfield>
      <subfield code="0">http://id.loc.gov/authorities/names/n91104632</subfield>
    </datafield>
    <datafield tag="700" ind1="1" ind2=" ">
      <subfield code="a">Roberts, James,</subfield>
      <subfield code="e">author of foreword.</subfield>
      <subfield code="0">http://id.loc.gov/authorities/names/n96086768</subfield>
    </datafield>
    <datafield tag="852" ind1="0" ind2=" ">
      <subfield code="b">firestone</subfield>
      <subfield code="c">stacks</subfield>
      <subfield code="h">GV865.R57</subfield>
      <subfield code="i">A3 2014</subfield>
      <subfield code="8">22595004740006421</subfield>
    </datafield>
  </record>