
  <record>
    <leader>02160dam a2200433 i 4500</leader>
    <controlfield tag="005">20201005102557.0</controlfield>
    <controlfield tag="008">131115s2014    nyu           000 0 eng  </controlfield>
    <controlfield tag="001">9985709253506421</controlfield>
    <datafield tag="010" ind1=" " ind2=" ">
      <subfield code="a">  2013045680</subfield>
    </datafield>
    <datafield tag="035" ind1=" " ind2=" ">
      <subfield code="a">8570925</subfield>
    </datafield>
    <datafield tag="035" ind1=" " ind2=" ">
      <subfield code="a">(OCoLC)ocn857982387</subfield>
      <subfield code="z">(OCoLC)ocn880580255</subfield>
      <subfield code="z">(OCoLC)ocn966546329</subfield>
      <subfield code="z">(OCoLC)ocn967829782</subfield>
      <subfield code="z">(OCoLC)ocn973983380</subfield>
      <subfield code="z">(OCoLC)ocn980478270</subfield>
      <subfield code="z">(OCoLC)ocn985260689</subfield>
      <subfield code="z">(OCoLC)ocn988962967</subfield>
      <subfield code="z">(OCoLC)ocn993360727</subfield>
      <subfield code="z">(OCoLC)on1102145220</subfield>
    </datafield>
    <datafield tag="035" ind1=" " ind2=" ">
      <subfield code="a">(NjP)8570925-princetondb</subfield>
    </datafield>
    <datafield tag="035" ind1=" " ind2=" ">
      <subfield code="z">(OCoLC)880580255</subfield>
      <subfield code="z">(OCoLC)966546329</subfield>
      <subfield code="z">(OCoLC)967829782</subfield>
      <subfield code="z">(OCoLC)973983380</subfield>
      <subfield code="z">(OCoLC)980478270</subfield>
      <subfield code="z">(OCoLC)985260689</subfield>
      <subfield code="z">(OCoLC)988962967</subfield>
      <subfield code="z">(OCoLC)993360727</subfield>
      <subfield code="z">(OCoLC)1102145220</subfield>
    </datafield>
    <datafield tag="037" ind1=" " ind2=" ">
      <subfield code="b">St Martins Pr, C/O Mps 16365 James Madison Hwy Us Hwy 15, Gordonsville, VA, USA, 22942, (212)6745151</subfield>
      <subfield code="n">SAN 631-5011</subfield>
    </datafield>
    <datafield tag="040" ind1=" " ind2=" ">
      <subfield code="a">DLC</subfield>
      <subfield code="b">eng</subfield>
      <subfield code="e">rda</subfield>
      <subfield code="c">DLC</subfield>
      <subfield code="d">BTCTA</subfield>
      <subfield code="d">BDX</subfield>
      <subfield code="d">OCLCO</subfield>
      <subfield code="d">YDXCP</subfield>
      <subfield code="d">OCO</subfield>
      <subfield code="d">ABG</subfield>
      <subfield code="d">INR</subfield>
    </datafield>
    <datafield tag="020" ind1=" " ind2=" ">
      <subfield code="a">9781250031839 (hardback)</subfield>
    </datafield>
    <datafield tag="020" ind1=" " ind2=" ">
      <subfield code="a">1250031834 (hardback)</subfield>
    </datafield>
    <datafield tag="020" ind1=" " ind2=" ">
      <subfield code="z">9781250031822 (e-book)</subfield>
    </datafield>
    <datafield tag="042" ind1=" " ind2=" ">
      <subfield code="a">pcc</subfield>
    </datafield>
    <datafield tag="043" ind1=" " ind2=" ">
      <subfield code="a">n-us---</subfield>
    </datafield>
    <datafield tag="050" ind1="0" ind2="0">
      <subfield code="a">GV865.K46</subfield>
      <subfield code="b">A3 2014</subfield>
    </datafield>
    <datafield tag="082" ind1="0" ind2="0">
      <subfield code="a">796.357092</subfield>
      <subfield code="a">B</subfield>
      <subfield code="2">23</subfield>
    </datafield>
    <datafield tag="084" ind1=" " ind2=" ">
      <subfield code="a">SPO003000</subfield>
      <subfield code="2">bisacsh</subfield>
    </datafield>
    <datafield tag="049" ind1=" " ind2=" ">
      <subfield code="a">PULL</subfield>
    </datafield>
    <datafield tag="019" ind1=" " ind2=" ">
      <subfield code="a">880580255</subfield>
      <subfield code="a">966546329</subfield>
      <subfield code="a">967829782</subfield>
      <subfield code="a">973983380</subfield>
      <subfield code="a">980478270</subfield>
      <subfield code="a">985260689</subfield>
      <subfield code="a">988962967</subfield>
      <subfield code="a">993360727</subfield>
      <subfield code="a">1102145220</subfield>
    </datafield>
    <datafield tag="100" ind1="1" ind2=" ">
      <subfield code="a">Kendall, Jason,</subfield>
      <subfield code="d">1974-</subfield>
      <subfield code="0">http://id.loc.gov/authorities/names/n2013067902</subfield>
    </datafield>
    <datafield tag="245" ind1="1" ind2="0">
      <subfield code="a">Throwback :</subfield>
      <subfield code="b">a big-league catcher tells how the game is really played /</subfield>
      <subfield code="c">Jason Kendall and Lee Judge.</subfield>
    </datafield>
    <datafield tag="264" ind1=" " ind2="1">
      <subfield code="a">New York :</subfield>
      <subfield code="b">St. Martin's Press,</subfield>
      <subfield code="c">2014.</subfield>
    </datafield>
    <datafield tag="300" ind1=" " ind2=" ">
      <subfield code="a">291 pages ;</subfield>
      <subfield code="c">25 cm.</subfield>
    </datafield>
    <datafield tag="336" ind1=" " ind2=" ">
      <subfield code="a">text</subfield>
      <subfield code="2">rdacontent</subfield>
    </datafield>
    <datafield tag="337" ind1=" " ind2=" ">
      <subfield code="a">unmediated</subfield>
      <subfield code="2">rdamedia</subfield>
    </datafield>
    <datafield tag="338" ind1=" " ind2=" ">
      <subfield code="a">volume</subfield>
      <subfield code="2">rdacarrier</subfield>
    </datafield>
    <datafield tag="505" ind1="0" ind2=" ">
      <subfield code="a">Pregame -- The pitcher -- The catcher -- The infield -- The outfield -- The hitter -- The base runner -- The manager -- The other stuff -- The end -- The signs.</subfield>
    </datafield>
    <datafield tag="600" ind1="1" ind2="0">
      <subfield code="a">Kendall, Jason,</subfield>
      <subfield code="d">1974-</subfield>
      <subfield code="0">http://id.loc.gov/authorities/names/n2013067902</subfield>
    </datafield>
    <datafield tag="650" ind1=" " ind2="0">
      <subfield code="a">Baseball players</subfield>
      <subfield code="z">United States</subfield>
      <subfield code="v">Biography.</subfield>
      <subfield code="0">http://id.loc.gov/authorities/subjects/sh2007101902</subfield>
    </datafield>
    <datafield tag="650" ind1=" " ind2="0">
      <subfield code="a">Catchers (Baseball)</subfield>
      <subfield code="z">United States</subfield>
      <subfield code="v">Biography.</subfield>
    </datafield>
    <datafield tag="700" ind1="1" ind2=" ">
      <subfield code="a">Judge, Lee.</subfield>
      <subfield code="0">http://id.loc.gov/authorities/names/n2011027091</subfield>
    </datafield>
    <datafield tag="856" ind1="4" ind2="2">
      <subfield code="3">Cover image</subfield>
      <subfield code="u">http://www.netread.com/jcusers2/bk1388/839/9781250031839/image/lgcover.9781250031839.jpg</subfield>
    </datafield>
    <datafield tag="852" ind1="0" ind2=" ">
      <subfield code="b">firestone</subfield>
      <subfield code="c">stacks</subfield>
      <subfield code="h">GV865.K46</subfield>
      <subfield code="i">A3 2014</subfield>
      <subfield code="8">22604127330006421</subfield>
    </datafield>
  </record>