
  <record>
    <leader>02100dam a2200373 i 4500</leader>
    <controlfield tag="005">20201023173053.0</controlfield>
    <controlfield tag="008">140523s2014    nyuaf    b    001 0 eng  </controlfield>
    <controlfield tag="001">9988156833506421</controlfield>
    <datafield tag="010" ind1=" " ind2=" ">
      <subfield code="a">  2014005399</subfield>
    </datafield>
    <datafield tag="035" ind1=" " ind2=" ">
      <subfield code="a">(OCoLC)ocn861479089</subfield>
    </datafield>
    <datafield tag="035" ind1=" " ind2=" ">
      <subfield code="a">8815683</subfield>
    </datafield>
    <datafield tag="035" ind1=" " ind2=" ">
      <subfield code="a">(OCoLC)861479089</subfield>
    </datafield>
    <datafield tag="035" ind1=" " ind2=" ">
      <subfield code="a">(NjP)8815683-princetondb</subfield>
    </datafield>
    <datafield tag="040" ind1=" " ind2=" ">
      <subfield code="a">DLC</subfield>
      <subfield code="e">rda</subfield>
      <subfield code="b">eng</subfield>
      <subfield code="c">DLC</subfield>
      <subfield code="d">IG#</subfield>
      <subfield code="d">YDXCP</subfield>
      <subfield code="d">BTCTA</subfield>
      <subfield code="d">BDX</subfield>
      <subfield code="d">GK8</subfield>
      <subfield code="d">UPZ</subfield>
      <subfield code="d">SFR</subfield>
      <subfield code="d">IK2</subfield>
      <subfield code="d">UOK</subfield>
      <subfield code="d">VP@</subfield>
      <subfield code="d">UKMGB</subfield>
      <subfield code="d">INR</subfield>
      <subfield code="d">JQM</subfield>
    </datafield>
    <datafield tag="015" ind1=" " ind2=" ">
      <subfield code="a">GBB484937</subfield>
      <subfield code="2">bnb</subfield>
    </datafield>
    <datafield tag="016" ind1="7" ind2=" ">
      <subfield code="a">016822695</subfield>
      <subfield code="2">Uk</subfield>
    </datafield>
    <datafield tag="020" ind1=" " ind2=" ">
      <subfield code="a">9781594204654 (hbk.)</subfield>
    </datafield>
    <datafield tag="020" ind1=" " ind2=" ">
      <subfield code="a">1594204659 (hbk.)</subfield>
    </datafield>
    <datafield tag="050" ind1="0" ind2="0">
      <subfield code="a">GV770.28</subfield>
      <subfield code="b">.H54 2014</subfield>
    </datafield>
    <datafield tag="082" ind1="0" ind2="0">
      <subfield code="a">797.5/6</subfield>
      <subfield code="2">23</subfield>
    </datafield>
    <datafield tag="049" ind1=" " ind2=" ">
      <subfield code="a">PULL</subfield>
    </datafield>
    <datafield tag="100" ind1="1" ind2=" ">
      <subfield code="a">Higgins, Matt.</subfield>
      <subfield code="0">http://id.loc.gov/authorities/names/no2006083176</subfield>
    </datafield>
    <datafield tag="245" ind1="1" ind2="0">
      <subfield code="a">Bird dream :</subfield>
      <subfield code="b">adventures at the extremes of human flight /</subfield>
      <subfield code="c">Matt Higgins.</subfield>
    </datafield>
    <datafield tag="264" ind1=" " ind2="1">
      <subfield code="a">New York :</subfield>
      <subfield code="b">The Penguin Press,</subfield>
      <subfield code="c">2014.</subfield>
    </datafield>
    <datafield tag="300" ind1=" " ind2=" ">
      <subfield code="a">[xi], 287 pages, 8 unnumbered pages of plates :</subfield>
      <subfield code="b">color illustrations ;</subfield>
      <subfield code="c">25 cm.</subfield>
    </datafield>
    <datafield tag="336" ind1=" " ind2=" ">
      <subfield code="a">text</subfield>
      <subfield code="b">txt</subfield>
      <subfield code="2">rdacontent</subfield>
    </datafield>
    <datafield tag="337" ind1=" " ind2=" ">
      <subfield code="a">unmediated</subfield>
      <subfield code="b">n</subfield>
      <subfield code="2">rdamedia</subfield>
    </datafield>
    <datafield tag="338" ind1=" " ind2=" ">
      <subfield code="a">volume</subfield>
      <subfield code="b">nc</subfield>
      <subfield code="2">rdacarrier</subfield>
    </datafield>
    <datafield tag="504" ind1=" " ind2=" ">
      <subfield code="a">Includes bibliographical references and index.</subfield>
    </datafield>
    <datafield tag="505" ind1="2" ind2=" ">
      <subfield code="a">Part 1: Takeoff. Beginnings ; International launch ; A child called X-ray Mujahideen ; Gimme danger -- Part 2: Flight. Wings ; The world is a playground ; Dwain, Slim, and Dr. Death ; Check, please! ; Skydiver of the decade ; Whatever happens, happens ; "Holy chute!" ; The wingsuit landing project ; The trial ; Paint it black ; A flying philistine ; Boxes and boxes ; Dragons at Heaven's gate -- Part 3: Landing. A meeting of the minds ; Touch-and-go ; "The rebel" ; The right numbers ; Rainy days.</subfield>
    </datafield>
    <datafield tag="520" ind1=" " ind2=" ">
      <subfield code="a">A heart-stopping narrative of risk and courage, Bird Dream tells the story of the remarkable men and women who pioneered the latest advances in aerial exploration--from skydiving to BASE jumping to wingsuit flying--and made history with their daring.</subfield>
    </datafield>
    <datafield tag="650" ind1=" " ind2="0">
      <subfield code="a">Skydiving.</subfield>
      <subfield code="0">http://id.loc.gov/authorities/subjects/sh85123256</subfield>
    </datafield>
    <datafield tag="650" ind1=" " ind2="0">
      <subfield code="a">BASE jumping.</subfield>
      <subfield code="0">http://id.loc.gov/authorities/subjects/sh2013001939</subfield>
    </datafield>
    <datafield tag="852" ind1="0" ind2=" ">
      <subfield code="b">firestone</subfield>
      <subfield code="c">stacks</subfield>
      <subfield code="h">GV770.28</subfield>
      <subfield code="i">.H54 2014</subfield>
      <subfield code="8">22639414090006421</subfield>
    </datafield>
  </record>