
  <record>
    <leader>01005dam a2200289Ia 4500</leader>
    <controlfield tag="005">20201006120506.0</controlfield>
    <controlfield tag="008">140714s2015    enka     b    000 0 eng d</controlfield>
    <controlfield tag="001">9990479143506421</controlfield>
    <datafield tag="035" ind1=" " ind2=" ">
      <subfield code="a">9047914</subfield>
    </datafield>
    <datafield tag="035" ind1=" " ind2=" ">
      <subfield code="a">(OCoLC)ocn909959850</subfield>
      <subfield code="z">(OCoLC)ocn883650860</subfield>
    </datafield>
    <datafield tag="035" ind1=" " ind2=" ">
      <subfield code="a">(NjP)9047914-princetondb</subfield>
    </datafield>
    <datafield tag="035" ind1=" " ind2=" ">
      <subfield code="z">(OCoLC)883650860</subfield>
    </datafield>
    <datafield tag="040" ind1=" " ind2=" ">
      <subfield code="a">BTCTA</subfield>
      <subfield code="b">eng</subfield>
      <subfield code="c">STF</subfield>
      <subfield code="d">YDXCP</subfield>
      <subfield code="d">OCLCO</subfield>
    </datafield>
    <datafield tag="020" ind1=" " ind2=" ">
      <subfield code="a">9781781311196</subfield>
    </datafield>
    <datafield tag="020" ind1=" " ind2=" ">
      <subfield code="a">1781311196</subfield>
    </datafield>
    <datafield tag="043" ind1=" " ind2=" ">
      <subfield code="a">e-uk-en</subfield>
    </datafield>
    <datafield tag="050" ind1=" " ind2="4">
      <subfield code="a">GV838.4.G7</subfield>
      <subfield code="b">D38 2015</subfield>
    </datafield>
    <datafield tag="082" ind1="0" ind2="4">
      <subfield code="a">797.2009422</subfield>
      <subfield code="2">23</subfield>
    </datafield>
    <datafield tag="019" ind1=" " ind2=" ">
      <subfield code="a">883650860</subfield>
    </datafield>
    <datafield tag="100" ind1="1" ind2=" ">
      <subfield code="a">Davies, Caitlin,</subfield>
      <subfield code="d">1964-</subfield>
      <subfield code="e">author.</subfield>
      <subfield code="0">http://id.loc.gov/authorities/names/no97001437</subfield>
    </datafield>
    <datafield tag="245" ind1="1" ind2="0">
      <subfield code="a">Downstream :</subfield>
      <subfield code="b">a history and celebration of swimming the River Thames /</subfield>
      <subfield code="c">Caitlin Davies.</subfield>
    </datafield>
    <datafield tag="260" ind1=" " ind2=" ">
      <subfield code="a">London :</subfield>
      <subfield code="b">Aurum Press Ltd,</subfield>
      <subfield code="c">2015.</subfield>
    </datafield>
    <datafield tag="300" ind1=" " ind2=" ">
      <subfield code="a">392 p. :</subfield>
      <subfield code="b">ill. ;</subfield>
      <subfield code="c">23 cm.</subfield>
    </datafield>
    <datafield tag="504" ind1=" " ind2=" ">
      <subfield code="a">Includes bibliographical references (p. [388]-390).</subfield>
    </datafield>
    <datafield tag="650" ind1=" " ind2="0">
      <subfield code="a">Swimming</subfield>
      <subfield code="z">England</subfield>
      <subfield code="z">Thames River</subfield>
      <subfield code="x">History.</subfield>
    </datafield>
    <datafield tag="651" ind1=" " ind2="0">
      <subfield code="a">Thames River (England)</subfield>
      <subfield code="x">History.</subfield>
    </datafield>
    <datafield tag="852" ind1="0" ind2=" ">
      <subfield code="b">firestone</subfield>
      <subfield code="c">stacks</subfield>
      <subfield code="h">GV838.4.G7</subfield>
      <subfield code="i">D38 2015</subfield>
      <subfield code="8">22673615500006421</subfield>
    </datafield>
  </record>