
  <record>
    <leader>01240dam a2200349Ii 4500</leader>
    <controlfield tag="005">20201006103507.0</controlfield>
    <controlfield tag="008">140616s2014    onc           000 e eng  </controlfield>
    <controlfield tag="001">9990566023506421</controlfield>
    <datafield tag="035" ind1=" " ind2=" ">
      <subfield code="a">(OCoLC)ocn884616387</subfield>
    </datafield>
    <datafield tag="035" ind1=" " ind2=" ">
      <subfield code="a">9056602</subfield>
    </datafield>
    <datafield tag="035" ind1=" " ind2=" ">
      <subfield code="a">(OCoLC)884616387</subfield>
    </datafield>
    <datafield tag="035" ind1=" " ind2=" ">
      <subfield code="a">(NjP)9056602-princetondb</subfield>
    </datafield>
    <datafield tag="035" ind1=" " ind2=" ">
      <subfield code="z">(OCoLC)825744986</subfield>
      <subfield code="z">(OCoLC)825759128</subfield>
    </datafield>
    <datafield tag="040" ind1=" " ind2=" ">
      <subfield code="a">NLC</subfield>
      <subfield code="b">eng</subfield>
      <subfield code="e">rda</subfield>
      <subfield code="c">NLC</subfield>
      <subfield code="d">OCLCO</subfield>
      <subfield code="d">YDXCP</subfield>
      <subfield code="d">BTCTA</subfield>
      <subfield code="d">CDX</subfield>
      <subfield code="d">OCLCF</subfield>
      <subfield code="d">LTSCA</subfield>
    </datafield>
    <datafield tag="016" ind1=" " ind2=" ">
      <subfield code="a">20149037384</subfield>
    </datafield>
    <datafield tag="019" ind1=" " ind2=" ">
      <subfield code="a">825744986</subfield>
      <subfield code="a">825759128</subfield>
    </datafield>
    <datafield tag="020" ind1=" " ind2=" ">
      <subfield code="a">9780887535123 (pbk.)</subfield>
    </datafield>
    <datafield tag="020" ind1=" " ind2=" ">
      <subfield code="a">0887535127 (pbk.)</subfield>
    </datafield>
    <datafield tag="055" ind1=" " ind2="0">
      <subfield code="a">GV848.4 C3</subfield>
      <subfield code="b">M49 2014</subfield>
    </datafield>
    <datafield tag="082" ind1="0" ind2="4">
      <subfield code="a">796.9620971</subfield>
      <subfield code="2">23</subfield>
    </datafield>
    <datafield tag="049" ind1=" " ind2=" ">
      <subfield code="a">PULL</subfield>
    </datafield>
    <datafield tag="100" ind1="1" ind2=" ">
      <subfield code="a">Meyer, Bruce,</subfield>
      <subfield code="d">1957-</subfield>
      <subfield code="e">author.</subfield>
      <subfield code="0">http://id.loc.gov/authorities/names/n85110278</subfield>
    </datafield>
    <datafield tag="245" ind1="1" ind2="0">
      <subfield code="a">Time of the last goal :</subfield>
      <subfield code="b">why hockey is our game /</subfield>
      <subfield code="c">Bruce Meyer.</subfield>
    </datafield>
    <datafield tag="264" ind1=" " ind2="1">
      <subfield code="a">Windsor, Ontario :</subfield>
      <subfield code="b">Black Moss Press,</subfield>
      <subfield code="c">[2014]</subfield>
    </datafield>
    <datafield tag="300" ind1=" " ind2=" ">
      <subfield code="a">95 pages ;</subfield>
      <subfield code="c">23 cm</subfield>
    </datafield>
    <datafield tag="336" ind1=" " ind2=" ">
      <subfield code="a">text</subfield>
      <subfield code="b">txt</subfield>
      <subfield code="2">rdacontent</subfield>
    </datafield>
    <datafield tag="337" ind1=" " ind2=" ">
      <subfield code="a">unmediated</subfield>
      <subfield code="b">n</subfield>
      <subfield code="2">rdamedia</subfield>
    </datafield>
    <datafield tag="338" ind1=" " ind2=" ">
      <subfield code="a">volume</subfield>
      <subfield code="b">nc</subfield>
      <subfield code="2">rdacarrier</subfield>
    </datafield>
    <datafield tag="650" ind1=" " ind2="0">
      <subfield code="a">Hockey</subfield>
      <subfield code="z">Canada.</subfield>
    </datafield>
    <datafield tag="650" ind1=" " ind2="0">
      <subfield code="a">Hockey</subfield>
      <subfield code="x">Social aspects</subfield>
      <subfield code="z">Canada.</subfield>
    </datafield>
    <datafield tag="600" ind1="1" ind2="0">
      <subfield code="a">Meyer, Bruce,</subfield>
      <subfield code="d">1957-</subfield>
      <subfield code="0">http://id.loc.gov/authorities/names/n85110278</subfield>
    </datafield>
    <datafield tag="655" ind1=" " ind2="7">
      <subfield code="a">Essays.</subfield>
      <subfield code="2">lcgft</subfield>
      <subfield code="0">http://id.loc.gov/authorities/genreForms/gf2014026094</subfield>
    </datafield>
    <datafield tag="852" ind1="0" ind2=" ">
      <subfield code="b">firestone</subfield>
      <subfield code="c">stacks</subfield>
      <subfield code="h">GV848.4.C3</subfield>
      <subfield code="i">M49 2014</subfield>
      <subfield code="8">22666082800006421</subfield>
    </datafield>
  </record>