
  <record>
    <leader>02785dam a2200373 i 4500</leader>
    <controlfield tag="005">20201006154620.0</controlfield>
    <controlfield tag="008">150715s2015    inu      b    001 0 eng  </controlfield>
    <controlfield tag="001">9991885893506421</controlfield>
    <datafield tag="010" ind1=" " ind2=" ">
      <subfield code="a">  2015023724</subfield>
    </datafield>
    <datafield tag="035" ind1=" " ind2=" ">
      <subfield code="a">(OCoLC)ocn908376377</subfield>
    </datafield>
    <datafield tag="035" ind1=" " ind2=" ">
      <subfield code="a">9188589</subfield>
    </datafield>
    <datafield tag="035" ind1=" " ind2=" ">
      <subfield code="a">(OCoLC)908376377</subfield>
    </datafield>
    <datafield tag="035" ind1=" " ind2=" ">
      <subfield code="a">(NjP)9188589-princetondb</subfield>
    </datafield>
    <datafield tag="040" ind1=" " ind2=" ">
      <subfield code="a">DLC</subfield>
      <subfield code="e">rda</subfield>
      <subfield code="b">eng</subfield>
      <subfield code="c">DLC</subfield>
      <subfield code="d">YDX</subfield>
      <subfield code="d">BTCTA</subfield>
      <subfield code="d">BDX</subfield>
      <subfield code="d">YDXCP</subfield>
      <subfield code="d">OCLCF</subfield>
      <subfield code="d">NjP</subfield>
    </datafield>
    <datafield tag="020" ind1=" " ind2=" ">
      <subfield code="a">9780268012359</subfield>
      <subfield code="q">paperback</subfield>
      <subfield code="q">alkaline paper</subfield>
    </datafield>
    <datafield tag="020" ind1=" " ind2=" ">
      <subfield code="a">0268012350</subfield>
      <subfield code="q">paperback</subfield>
      <subfield code="q">alkaline paper</subfield>
    </datafield>
    <datafield tag="042" ind1=" " ind2=" ">
      <subfield code="a">pcc</subfield>
    </datafield>
    <datafield tag="050" ind1="0" ind2="0">
      <subfield code="a">GV706.42</subfield>
      <subfield code="b">.Y68 2015</subfield>
    </datafield>
    <datafield tag="082" ind1="0" ind2="0">
      <subfield code="a">796.01/9</subfield>
      <subfield code="2">23</subfield>
    </datafield>
    <datafield tag="245" ind1="0" ind2="0">
      <subfield code="a">Youth sport and spirituality :</subfield>
      <subfield code="b">Catholic perspectives /</subfield>
      <subfield code="c">edited by Patrick Kelly, SJ.</subfield>
    </datafield>
    <datafield tag="264" ind1=" " ind2="1">
      <subfield code="a">Notre Dame, Indiana :</subfield>
      <subfield code="b">University of Notre Dame Press,</subfield>
      <subfield code="c">[2015]</subfield>
    </datafield>
    <datafield tag="300" ind1=" " ind2=" ">
      <subfield code="a">viii, 308 pages ;</subfield>
      <subfield code="c">23 cm</subfield>
    </datafield>
    <datafield tag="336" ind1=" " ind2=" ">
      <subfield code="a">text</subfield>
      <subfield code="b">txt</subfield>
      <subfield code="2">rdacontent</subfield>
    </datafield>
    <datafield tag="337" ind1=" " ind2=" ">
      <subfield code="a">unmediated</subfield>
      <subfield code="b">n</subfield>
      <subfield code="2">rdamedia</subfield>
    </datafield>
    <datafield tag="338" ind1=" " ind2=" ">
      <subfield code="a">volume</subfield>
      <subfield code="b">nc</subfield>
      <subfield code="2">rdacarrier</subfield>
    </datafield>
    <datafield tag="504" ind1=" " ind2=" ">
      <subfield code="a">Includes bibliographical references and index.</subfield>
    </datafield>
    <datafield tag="505" ind1="0" ind2=" ">
      <subfield code="a">Research-based and theoretical perspectives -- What is sport? What should it be? Some definitions and some Homeric remarks regarding moderation / Daniel A. Dombrowski -- Christians and sport : an historical and theological overview / Patrick kelly, SJ -- Youth sport and psychological and social development / Mike McNamee -- Playing like a champion today : youth sport and moral development / Clark Power -- Reclaiming competition in youth sports / David Light Shields and Brenda Light Bredemeier -- Youth sport and spirituality / Patrick Kelly, SJ -- For the love of the game : toward a theology of sports / Richard R. Gaillardetz -- Practices and perspectives -- Playing like a champion today II: youth sport and growth in body, mind, and spirit / Kristin Komyatte Sheehan -- Catholic youth organization sports : a mission-oriented focus / Dobie moser -- WE: a model for coaching and christian living / Jim Yerkovich -- Connection, reflection and validation in sport / Sherri Retif -- Coaching and the Ignatian pedagogical paradigm / James Charles Naggi -- Parents as partners in youth sport / Nicole M. Lavoi -- An examen of consciousness for coaches and parents / Edward Hastings -- Conclusion / Patrick kelly, SJ.</subfield>
    </datafield>
    <datafield tag="650" ind1=" " ind2="0">
      <subfield code="a">Sports</subfield>
      <subfield code="x">Religious aspects</subfield>
      <subfield code="x">Catholic Church.</subfield>
      <subfield code="0">http://id.loc.gov/authorities/subjects/sh2020004236</subfield>
    </datafield>
    <datafield tag="650" ind1=" " ind2="0">
      <subfield code="a">Athletes</subfield>
      <subfield code="x">Religious life.</subfield>
      <subfield code="0">http://id.loc.gov/authorities/subjects/sh2009116139</subfield>
    </datafield>
    <datafield tag="650" ind1=" " ind2="0">
      <subfield code="a">Sports</subfield>
      <subfield code="x">Psychological aspects.</subfield>
      <subfield code="0">http://id.loc.gov/authorities/subjects/sh85126899</subfield>
    </datafield>
    <datafield tag="650" ind1=" " ind2="0">
      <subfield code="a">Sports</subfield>
      <subfield code="x">Sociological aspects.</subfield>
      <subfield code="0">http://id.loc.gov/authorities/subjects/sh89006507</subfield>
    </datafield>
    <datafield tag="700" ind1="1" ind2=" ">
      <subfield code="a">Kelly, Patrick M.</subfield>
      <subfield code="q">(Patrick Michael),</subfield>
      <subfield code="d">1960-</subfield>
      <subfield code="e">editor.</subfield>
      <subfield code="0">http://id.loc.gov/authorities/names/no2007078679</subfield>
    </datafield>
    <datafield tag="852" ind1="0" ind2=" ">
      <subfield code="b">firestone</subfield>
      <subfield code="c">stacks</subfield>
      <subfield code="h">GV706.42</subfield>
      <subfield code="i">.Y68 2015</subfield>
      <subfield code="8">22510174730006421</subfield>
    </datafield>
  </record>