
  <record>
    <leader>01420dam a2200349 i 4500</leader>
    <controlfield tag="005">20190822190513.0</controlfield>
    <controlfield tag="008">150514e201311  it       b    000 0 ita d</controlfield>
    <controlfield tag="001">9992170323506421</controlfield>
    <datafield tag="020" ind1=" " ind2=" ">
      <subfield code="a">9788878533356 :</subfield>
      <subfield code="c">11.00 EUR</subfield>
    </datafield>
    <datafield tag="035" ind1=" " ind2=" ">
      <subfield code="a">(OCoLC)922885304</subfield>
    </datafield>
    <datafield tag="035" ind1=" " ind2=" ">
      <subfield code="a">(ItFiC)3040553</subfield>
    </datafield>
    <datafield tag="035" ind1=" " ind2=" ">
      <subfield code="a">9217032</subfield>
    </datafield>
    <datafield tag="035" ind1=" " ind2=" ">
      <subfield code="a">(NjP)9217032-princetondb</subfield>
    </datafield>
    <datafield tag="040" ind1=" " ind2=" ">
      <subfield code="a">ItFiC</subfield>
      <subfield code="c">ItFiC</subfield>
      <subfield code="e">rda</subfield>
    </datafield>
    <datafield tag="050" ind1="0" ind2="0">
      <subfield code="a">GV735</subfield>
      <subfield code="b">.A73 2015</subfield>
    </datafield>
    <datafield tag="245" ind1="0" ind2="0">
      <subfield code="a">Arbitraggio sportivo, etica ed educazione :</subfield>
      <subfield code="b">prospettive di analisi filosofico-giuridica /</subfield>
      <subfield code="c">Emanuele Isidori, Bruno Di Pietro, José Luiz Pérez Triviño ; con una prefazione di Fabio Pigozzi.</subfield>
    </datafield>
    <datafield tag="250" ind1=" " ind2=" ">
      <subfield code="a">Prima edizione.</subfield>
    </datafield>
    <datafield tag="264" ind1=" " ind2="1">
      <subfield code="a">Viterbo :</subfield>
      <subfield code="b">Sette città,</subfield>
      <subfield code="c">novembre 2013.</subfield>
    </datafield>
    <datafield tag="300" ind1=" " ind2=" ">
      <subfield code="a">144 pages ;</subfield>
      <subfield code="c">18 cm.</subfield>
    </datafield>
    <datafield tag="336" ind1=" " ind2=" ">
      <subfield code="a">text</subfield>
      <subfield code="b">txt</subfield>
      <subfield code="2">rdacontent</subfield>
    </datafield>
    <datafield tag="337" ind1=" " ind2=" ">
      <subfield code="a">unmediated</subfield>
      <subfield code="b">n</subfield>
      <subfield code="2">rdamedia</subfield>
    </datafield>
    <datafield tag="338" ind1=" " ind2=" ">
      <subfield code="a">volume</subfield>
      <subfield code="b">nc</subfield>
      <subfield code="2">rdacarrier</subfield>
    </datafield>
    <datafield tag="490" ind1="1" ind2=" ">
      <subfield code="a">Biblioteca ;</subfield>
      <subfield code="v">25</subfield>
    </datafield>
    <datafield tag="504" ind1=" " ind2=" ">
      <subfield code="a">Includes bibliographical references.</subfield>
    </datafield>
    <datafield tag="650" ind1=" " ind2="0">
      <subfield code="a">Sports officiating</subfield>
      <subfield code="x">Moral and ethical aspects.</subfield>
    </datafield>
    <datafield tag="650" ind1=" " ind2="0">
      <subfield code="a">Sports officiating</subfield>
      <subfield code="x">Law and legislation.</subfield>
      <subfield code="0">http://id.loc.gov/authorities/subjects/sh85126951</subfield>
    </datafield>
    <datafield tag="650" ind1=" " ind2="0">
      <subfield code="a">Sports</subfield>
      <subfield code="x">Philosophy.</subfield>
      <subfield code="0">http://id.loc.gov/authorities/subjects/sh85126897</subfield>
    </datafield>
    <datafield tag="700" ind1="1" ind2="2">
      <subfield code="a">Di Pietro, Bruno.</subfield>
      <subfield code="t">Arbitro nel sistema sportivo.</subfield>
    </datafield>
    <datafield tag="830" ind1=" " ind2="0">
      <subfield code="a">Biblioteca (Viterbo, Italy) ;</subfield>
      <subfield code="v">25.</subfield>
    </datafield>
    <datafield tag="852" ind1="0" ind2=" ">
      <subfield code="b">f</subfield>
      <subfield code="h">GV735</subfield>
      <subfield code="i">.A73 2015</subfield>
    </datafield>
    <datafield tag="856" ind1="4" ind2="2">
      <subfield code="3">TOC</subfield>
      <subfield code="u">http://ilibri.casalini.it/toc/3040553</subfield>
    </datafield>
    <datafield tag="852" ind1="0" ind2=" ">
      <subfield code="b">firestone</subfield>
      <subfield code="c">stacks</subfield>
      <subfield code="h">GV735</subfield>
      <subfield code="i">.A73 2015</subfield>
      <subfield code="8">22588193570006421</subfield>
    </datafield>
  </record>