
  <record>
    <leader>02728dam a2200373Ki 4500</leader>
    <controlfield tag="005">20151102083314.0</controlfield>
    <controlfield tag="008">150306s2015    nyuaf    b    001 0 eng d</controlfield>
    <controlfield tag="001">9992217703506421</controlfield>
    <datafield tag="010" ind1=" " ind2=" ">
      <subfield code="a">  2015947608</subfield>
    </datafield>
    <datafield tag="035" ind1=" " ind2=" ">
      <subfield code="a">(OCoLC)ocn907157329</subfield>
    </datafield>
    <datafield tag="035" ind1=" " ind2=" ">
      <subfield code="a">(OCoLC)907157329</subfield>
    </datafield>
    <datafield tag="035" ind1=" " ind2=" ">
      <subfield code="a">(NjP)9221770-princetondb</subfield>
    </datafield>
    <datafield tag="040" ind1=" " ind2=" ">
      <subfield code="a">BTCTA</subfield>
      <subfield code="b">eng</subfield>
      <subfield code="e">rda</subfield>
      <subfield code="c">BTCTA</subfield>
      <subfield code="d">BDX</subfield>
      <subfield code="d">YDXCP</subfield>
      <subfield code="d">NOG</subfield>
      <subfield code="d">OCLCO</subfield>
      <subfield code="d">PX0</subfield>
      <subfield code="d">ON8</subfield>
      <subfield code="d">CO2</subfield>
    </datafield>
    <datafield tag="020" ind1=" " ind2=" ">
      <subfield code="a">9781455523443</subfield>
    </datafield>
    <datafield tag="020" ind1=" " ind2=" ">
      <subfield code="a">1455523445</subfield>
    </datafield>
    <datafield tag="050" ind1="1" ind2="4">
      <subfield code="a">GV837.9</subfield>
      <subfield code="b">.C54 2015</subfield>
    </datafield>
    <datafield tag="082" ind1="0" ind2="4">
      <subfield code="a">797.2/10922</subfield>
      <subfield code="2">23</subfield>
    </datafield>
    <datafield tag="049" ind1=" " ind2=" ">
      <subfield code="a">PULJ</subfield>
    </datafield>
    <datafield tag="100" ind1="1" ind2=" ">
      <subfield code="a">Checkoway, Julie,</subfield>
      <subfield code="e">author.</subfield>
    </datafield>
    <datafield tag="245" ind1="1" ind2="4">
      <subfield code="a">The three-year swim club :</subfield>
      <subfield code="b">the untold story of Maui's Sugar Ditch kids and their quest for Olympic glory /</subfield>
      <subfield code="c">Julie Checkoway.</subfield>
    </datafield>
    <datafield tag="250" ind1=" " ind2=" ">
      <subfield code="a">First edition.</subfield>
    </datafield>
    <datafield tag="264" ind1=" " ind2="1">
      <subfield code="a">New York :</subfield>
      <subfield code="b">Grand Central Publishing,</subfield>
      <subfield code="c">2015.</subfield>
    </datafield>
    <datafield tag="300" ind1=" " ind2=" ">
      <subfield code="a">viii, 415 pages, 16 unumbered pages of plates :</subfield>
      <subfield code="b">illustrations ;</subfield>
      <subfield code="c">24 cm.</subfield>
    </datafield>
    <datafield tag="336" ind1=" " ind2=" ">
      <subfield code="a">text</subfield>
      <subfield code="b">txt</subfield>
      <subfield code="2">rdacontent</subfield>
    </datafield>
    <datafield tag="337" ind1=" " ind2=" ">
      <subfield code="a">unmediated</subfield>
      <subfield code="b">n</subfield>
      <subfield code="2">rdamedia</subfield>
    </datafield>
    <datafield tag="338" ind1=" " ind2=" ">
      <subfield code="a">volume</subfield>
      <subfield code="b">nc</subfield>
      <subfield code="2">rdacarrier</subfield>
    </datafield>
    <datafield tag="504" ind1=" " ind2=" ">
      <subfield code="a">Includes bibliographical references (pages [359]-388) and index.</subfield>
    </datafield>
    <datafield tag="505" ind1="0" ind2=" ">
      <subfield code="a">Preface -- Part One: Such Stuff as Dreams (1932-1937) -- Chapter One: To Race with Giants -- Chapter Two: Hardhead -- Chapter Three: A Wide Awakening -- Chapter Four: The Pursuit of Greater Ventures -- Part Two: On Such a Sea (1938) -- Chapter Five: An Exercise of Will -- Chapter Six: Owing to the Protracted Hostilities -- Chapter Seven: Keeping 1940 in Mind All the Time -- Part Three: Takenat the Flood (1939) -- Chapter Eight: Down Under -- Chapter Nine: Youths of the Sea -- Chapter Ten: The Coup -- Part Four: A Tide in the Affairs of Men (1940-1941) -- Chapter Eleven: A Season of Flame -- Chapter Twelve: Santa Barbara -- Chapter Thirteen: Mr. Smith Comes to Maui -- Chapter Fourteen: Blitzkrieg-- Part Five: Fall Seven Times, Get Up Eight (Nana korobi, ya oki) (1944-1948) -- Chapter Fifteen: Go for Broke -- Chapter Sixeen: Home Front -- Chapter Seventeen: Detroit, Redux (1948) -- Chapter Eighteen: Goals and Sacrifices -- Afterword -- Author's Notes -- Section Notes -- Three-Year Swim Club Members -- Mahalo Nui Loa/Thank You -- Index -- About the Author.</subfield>
    </datafield>
    <datafield tag="520" ind1=" " ind2=" ">
      <subfield code="a">The inspirational story of a group of impoverished children who were transformed into champion swimmers. In 1937 an ordinary grammar school teacher on the island of Maui took a group of underprivileged children mostly of Japanese ancestry and, in three short years, transformed them into Olympic champions.</subfield>
    </datafield>
    <datafield tag="650" ind1=" " ind2="0">
      <subfield code="a">Japanese American children</subfield>
      <subfield code="z">Hawaii</subfield>
      <subfield code="z">Maui.</subfield>
    </datafield>
    <datafield tag="650" ind1=" " ind2="0">
      <subfield code="a">Swimming</subfield>
      <subfield code="z">Hawaii</subfield>
      <subfield code="z">Maui</subfield>
      <subfield code="x">History.</subfield>
    </datafield>
    <datafield tag="650" ind1=" " ind2="0">
      <subfield code="a">Swimmers</subfield>
      <subfield code="z">Hawaii</subfield>
      <subfield code="z">Maui</subfield>
      <subfield code="v">Biography.</subfield>
    </datafield>
    <datafield tag="611" ind1="2" ind2="0">
      <subfield code="a">Olympic Games</subfield>
      <subfield code="n">(14th :</subfield>
      <subfield code="d">1948 :</subfield>
      <subfield code="c">London, England)</subfield>
    </datafield>
    <datafield tag="852" ind1="0" ind2=" ">
      <subfield code="b">firestone</subfield>
      <subfield code="c">stacks</subfield>
      <subfield code="h">GV837.9</subfield>
      <subfield code="i">.C54 2015</subfield>
      <subfield code="8">22644259760006421</subfield>
    </datafield>
  </record>