
  <record>
    <leader>02926dam a2200409 i 4500</leader>
    <controlfield tag="005">20201006230309.0</controlfield>
    <controlfield tag="008">151109t20152015ncua     b    001 0beng  </controlfield>
    <controlfield tag="001">9994445383506421</controlfield>
    <datafield tag="010" ind1=" " ind2=" ">
      <subfield code="a">  2015043799</subfield>
    </datafield>
    <datafield tag="020" ind1=" " ind2=" ">
      <subfield code="a">9780786496655</subfield>
      <subfield code="q">(softcover :</subfield>
      <subfield code="q">alk. paper)</subfield>
    </datafield>
    <datafield tag="020" ind1=" " ind2=" ">
      <subfield code="a">0786496657</subfield>
      <subfield code="q">(softcover :</subfield>
      <subfield code="q">alk. paper)</subfield>
    </datafield>
    <datafield tag="020" ind1=" " ind2=" ">
      <subfield code="z">9781476622316</subfield>
      <subfield code="q">(ebook)</subfield>
    </datafield>
    <datafield tag="035" ind1=" " ind2=" ">
      <subfield code="a">9444538</subfield>
    </datafield>
    <datafield tag="035" ind1=" " ind2=" ">
      <subfield code="a">(OCoLC)ocn908375480</subfield>
      <subfield code="z">(OCoLC)ocn930076027</subfield>
    </datafield>
    <datafield tag="035" ind1=" " ind2=" ">
      <subfield code="a">(NjP)9444538-princetondb</subfield>
    </datafield>
    <datafield tag="035" ind1=" " ind2=" ">
      <subfield code="z">(OCoLC)930076027</subfield>
    </datafield>
    <datafield tag="040" ind1=" " ind2=" ">
      <subfield code="a">DLC</subfield>
      <subfield code="b">eng</subfield>
      <subfield code="e">rda</subfield>
      <subfield code="c">DLC</subfield>
      <subfield code="d">OCLCO</subfield>
    </datafield>
    <datafield tag="042" ind1=" " ind2=" ">
      <subfield code="a">pcc</subfield>
    </datafield>
    <datafield tag="043" ind1=" " ind2=" ">
      <subfield code="a">n-us---</subfield>
    </datafield>
    <datafield tag="050" ind1="0" ind2="0">
      <subfield code="a">GV865.K43</subfield>
      <subfield code="b">B48 2015</subfield>
    </datafield>
    <datafield tag="082" ind1="0" ind2="0">
      <subfield code="a">796.357092</subfield>
      <subfield code="a">B</subfield>
      <subfield code="2">23</subfield>
    </datafield>
    <datafield tag="019" ind1=" " ind2=" ">
      <subfield code="a">930076027</subfield>
    </datafield>
    <datafield tag="100" ind1="1" ind2=" ">
      <subfield code="a">Bevis, Charlie,</subfield>
      <subfield code="d">1954-</subfield>
      <subfield code="e">author.</subfield>
      <subfield code="0">http://id.loc.gov/authorities/names/n98016768</subfield>
    </datafield>
    <datafield tag="245" ind1="1" ind2="0">
      <subfield code="a">Tim Keefe :</subfield>
      <subfield code="b">a biography of the Hall of Fame pitcher and player-rights advocate /</subfield>
      <subfield code="c">Charlie Bevis.</subfield>
    </datafield>
    <datafield tag="264" ind1=" " ind2="1">
      <subfield code="a">Jefferson, North Carolina :</subfield>
      <subfield code="b">McFarland &amp; Company, Inc., Publishers,</subfield>
      <subfield code="c">[2015]</subfield>
    </datafield>
    <datafield tag="264" ind1=" " ind2="4">
      <subfield code="c">©2015</subfield>
    </datafield>
    <datafield tag="300" ind1=" " ind2=" ">
      <subfield code="a">vi, 285 pages :</subfield>
      <subfield code="b">illustrations ;</subfield>
      <subfield code="c">23 cm</subfield>
    </datafield>
    <datafield tag="336" ind1=" " ind2=" ">
      <subfield code="a">text</subfield>
      <subfield code="b">txt</subfield>
      <subfield code="2">rdacontent</subfield>
    </datafield>
    <datafield tag="337" ind1=" " ind2=" ">
      <subfield code="a">unmediated</subfield>
      <subfield code="b">n</subfield>
      <subfield code="2">rdamedia</subfield>
    </datafield>
    <datafield tag="338" ind1=" " ind2=" ">
      <subfield code="a">volume</subfield>
      <subfield code="b">nc</subfield>
      <subfield code="2">rdacarrier</subfield>
    </datafield>
    <datafield tag="504" ind1=" " ind2=" ">
      <subfield code="a">Includes bibliographical references (pages 279-282) and index.</subfield>
    </datafield>
    <datafield tag="505" ind1="0" ind2=" ">
      <subfield code="a">1. Sir Timothy -- 2. Irish Roots and Artisan Thinking -- 3. Carpenter's Son Growing Up Near Boston -- 4. Infielder on Amateur and Semipro Teams -- 5. Pitcher in the Minor Leagues -- 6. Pitching in the National League for Troy -- 7. College Baseball Coach -- 8. With the Metropolitans in New York City -- 9. Transfer to the New York Giants -- 10. Secretary of the Brotherhood -- 11. Strategic Pitcher with League-Leading 42 Wins -- 12. Land Owner in Cambridge -- 13. Adapting to Numerous Pitching Rule Changes -- 14. Clara Helm, the Future Mrs. Keefe -- 15. Record-Setting 19 Consecutive Wins -- 16. Sporting Goods Proprietor -- 17. Successful Salary Holdout -- 18. Establishing the Players' League -- 19. Capitalists Desert the Ballplayers -- 20. Aftermath of the Players' League -- 21. Ending His Pitching Career in Philadelphia -- 22. Harvard Baseball Coach -- 23. Umpire in the National League -- 24. Retirement from Baseball in Cambridge -- 25. Hall of Fame Selection -- 25. Unsung Pioneer of Ballplayer Rights.</subfield>
    </datafield>
    <datafield tag="520" ind1=" " ind2=" ">
      <subfield code="a">" One of the greatest pitchers of the 19th century, Tim Keefe (1857-1933) was an ardent believer in the artisan work ethic that was becoming outmoded in burgeoning industrial America. This first ever biography of Keefe covers the career of the 1964 Baseball Hall of Fame inductee"--</subfield>
      <subfield code="c">Provided by publisher.</subfield>
    </datafield>
    <datafield tag="600" ind1="1" ind2="0">
      <subfield code="a">Keefe, Tim.</subfield>
      <subfield code="0">http://id.loc.gov/authorities/names/n87815469</subfield>
    </datafield>
    <datafield tag="650" ind1=" " ind2="0">
      <subfield code="a">Baseball players</subfield>
      <subfield code="z">United States</subfield>
      <subfield code="v">Biography.</subfield>
      <subfield code="0">http://id.loc.gov/authorities/subjects/sh2007101902</subfield>
    </datafield>
    <datafield tag="650" ind1=" " ind2="0">
      <subfield code="a">Pitchers (Baseball)</subfield>
      <subfield code="z">United States</subfield>
      <subfield code="v">Biography.</subfield>
      <subfield code="0">http://id.loc.gov/authorities/subjects/sh2010106482</subfield>
    </datafield>
    <datafield tag="852" ind1="0" ind2=" ">
      <subfield code="b">f</subfield>
      <subfield code="h">GV865.K43</subfield>
      <subfield code="i">B48 2015</subfield>
    </datafield>
    <datafield tag="852" ind1="0" ind2=" ">
      <subfield code="b">firestone</subfield>
      <subfield code="c">stacks</subfield>
      <subfield code="h">GV865.K43</subfield>
      <subfield code="i">B48 2015</subfield>
      <subfield code="8">22708324510006421</subfield>
    </datafield>
  </record>