
  <record>
    <leader>01536dam a2200421 i 4500</leader>
    <controlfield tag="005">20220324093249.0</controlfield>
    <controlfield tag="008">160306t19831978gw       b    000 0 ger c</controlfield>
    <controlfield tag="001">9995106103506421</controlfield>
    <datafield tag="020" ind1=" " ind2=" ">
      <subfield code="a">9783434460060</subfield>
      <subfield code="q">(volume 1 ;</subfield>
      <subfield code="q">paperback)</subfield>
    </datafield>
    <datafield tag="020" ind1=" " ind2=" ">
      <subfield code="a">3434460063</subfield>
      <subfield code="q">(volume 1 ;</subfield>
      <subfield code="q">paperback)</subfield>
    </datafield>
    <datafield tag="020" ind1=" " ind2=" ">
      <subfield code="a">9783434460206</subfield>
      <subfield code="q">(volume 2 ;</subfield>
      <subfield code="q">paperback)</subfield>
    </datafield>
    <datafield tag="020" ind1=" " ind2=" ">
      <subfield code="a">3434460209</subfield>
      <subfield code="q">(volume 2 ;</subfield>
      <subfield code="q">paperback)</subfield>
    </datafield>
    <datafield tag="035" ind1=" " ind2=" ">
      <subfield code="a">(OCoLC)943917430</subfield>
    </datafield>
    <datafield tag="035" ind1=" " ind2=" ">
      <subfield code="a">(OCoLC)ocn943917430</subfield>
    </datafield>
    <datafield tag="035" ind1=" " ind2=" ">
      <subfield code="a">(NjP)9510610-princetondb</subfield>
    </datafield>
    <datafield tag="040" ind1=" " ind2=" ">
      <subfield code="a">NEIGS</subfield>
      <subfield code="b">eng</subfield>
      <subfield code="e">rda</subfield>
      <subfield code="c">NEIGS</subfield>
      <subfield code="d">OCLCO</subfield>
      <subfield code="d">OCLCQ</subfield>
      <subfield code="d">PUL</subfield>
    </datafield>
    <datafield tag="042" ind1=" " ind2=" ">
      <subfield code="a">pcc</subfield>
    </datafield>
    <datafield tag="050" ind1=" " ind2="4">
      <subfield code="a">GN303</subfield>
      <subfield code="b">.G474 1983</subfield>
    </datafield>
    <datafield tag="245" ind1="0" ind2="0">
      <subfield code="a">Gesellschaften ohne Staat /</subfield>
      <subfield code="c">hrsg. von Fritz Kramer und Christian Sigrist.</subfield>
    </datafield>
    <datafield tag="264" ind1=" " ind2="1">
      <subfield code="a">Frankfurt am Main :</subfield>
      <subfield code="b">Syndikat,</subfield>
      <subfield code="c">1983.</subfield>
    </datafield>
    <datafield tag="264" ind1=" " ind2="4">
      <subfield code="c">©1978</subfield>
    </datafield>
    <datafield tag="300" ind1=" " ind2=" ">
      <subfield code="a">2 volumes (282, 231 pages) ;</subfield>
      <subfield code="c">19 cm.</subfield>
    </datafield>
    <datafield tag="336" ind1=" " ind2=" ">
      <subfield code="a">text</subfield>
      <subfield code="b">txt</subfield>
      <subfield code="2">rdacontent</subfield>
    </datafield>
    <datafield tag="337" ind1=" " ind2=" ">
      <subfield code="a">unmediated</subfield>
      <subfield code="b">n</subfield>
      <subfield code="2">rdamedia</subfield>
    </datafield>
    <datafield tag="338" ind1=" " ind2=" ">
      <subfield code="a">volume</subfield>
      <subfield code="b">nc</subfield>
      <subfield code="2">rdacarrier</subfield>
    </datafield>
    <datafield tag="490" ind1="1" ind2=" ">
      <subfield code="a">Taschenbücher Syndikat/EVA ;</subfield>
      <subfield code="v">6, 20</subfield>
    </datafield>
    <datafield tag="500" ind1=" " ind2=" ">
      <subfield code="a">Collected essays.</subfield>
    </datafield>
    <datafield tag="504" ind1=" " ind2=" ">
      <subfield code="a">Includes bibliographical references.</subfield>
    </datafield>
    <datafield tag="505" ind1="0" ind2=" ">
      <subfield code="a">[1]. Gleichheit und Gegenseitigkeit -- [2]. Genealogie und Solidarität.</subfield>
    </datafield>
    <datafield tag="650" ind1=" " ind2="0">
      <subfield code="a">Ethnology.</subfield>
    </datafield>
    <datafield tag="650" ind1=" " ind2="0">
      <subfield code="a">Political anthropology.</subfield>
    </datafield>
    <datafield tag="700" ind1="1" ind2=" ">
      <subfield code="a">Kramer, Fritz,</subfield>
      <subfield code="d">1941-</subfield>
      <subfield code="e">editor.</subfield>
    </datafield>
    <datafield tag="700" ind1="1" ind2=" ">
      <subfield code="a">Sigrist, Christian,</subfield>
      <subfield code="d">1935-</subfield>
      <subfield code="e">editor.</subfield>
    </datafield>
    <datafield tag="830" ind1=" " ind2="0">
      <subfield code="a">Taschenbücher Syndikat/EVA ;</subfield>
      <subfield code="v">6.</subfield>
    </datafield>
    <datafield tag="830" ind1=" " ind2="0">
      <subfield code="a">Taschenbücher Syndikat/EVA ;</subfield>
      <subfield code="v">20.</subfield>
    </datafield>
    <datafield tag="852" ind1="0" ind2=" ">
      <subfield code="b">recap</subfield>
      <subfield code="c">pa</subfield>
      <subfield code="8">22711962280006421</subfield>
    </datafield>
  </record>