
  <record>
    <leader>02400dam a2200385 i 4500</leader>
    <controlfield tag="005">20201007144853.0</controlfield>
    <controlfield tag="008">150612t20152015oncaf         000 0aeng d</controlfield>
    <controlfield tag="001">9995176133506421</controlfield>
    <datafield tag="020" ind1=" " ind2=" ">
      <subfield code="a">1443444669</subfield>
    </datafield>
    <datafield tag="020" ind1=" " ind2=" ">
      <subfield code="a">9781443444668</subfield>
    </datafield>
    <datafield tag="035" ind1=" " ind2=" ">
      <subfield code="a">(OCoLC)910983689</subfield>
    </datafield>
    <datafield tag="035" ind1=" " ind2=" ">
      <subfield code="a">(OCoLC)ocn910983689</subfield>
    </datafield>
    <datafield tag="035" ind1=" " ind2=" ">
      <subfield code="a">9517613</subfield>
    </datafield>
    <datafield tag="035" ind1=" " ind2=" ">
      <subfield code="a">(NjP)9517613-princetondb</subfield>
    </datafield>
    <datafield tag="040" ind1=" " ind2=" ">
      <subfield code="a">YDXCP</subfield>
      <subfield code="b">eng</subfield>
      <subfield code="c">YDXCP</subfield>
      <subfield code="d">BTCTA</subfield>
      <subfield code="d">BDX</subfield>
      <subfield code="d">BKL</subfield>
      <subfield code="d">CNSOA</subfield>
      <subfield code="d">VP@</subfield>
      <subfield code="d">CFI</subfield>
      <subfield code="e">rda</subfield>
      <subfield code="d">IAI</subfield>
      <subfield code="d">UAB</subfield>
    </datafield>
    <datafield tag="043" ind1=" " ind2=" ">
      <subfield code="a">n-us---</subfield>
    </datafield>
    <datafield tag="050" ind1=" " ind2="4">
      <subfield code="a">GV848.5.O885</subfield>
      <subfield code="b">A3 2015</subfield>
    </datafield>
    <datafield tag="082" ind1="0" ind2="4">
      <subfield code="a">796.962</subfield>
      <subfield code="2">23</subfield>
    </datafield>
    <datafield tag="100" ind1="1" ind2=" ">
      <subfield code="a">O'Sullivan, Patrick,</subfield>
      <subfield code="d">1985-</subfield>
      <subfield code="e">author.</subfield>
      <subfield code="0">http://id.loc.gov/authorities/names/no2015139757</subfield>
    </datafield>
    <datafield tag="245" ind1="1" ind2="0">
      <subfield code="a">Breaking away :</subfield>
      <subfield code="b">a harrowing true story of resilience, courage and triumph /</subfield>
      <subfield code="c">Patrick O'Sullivan ; with Gare Joyce.</subfield>
    </datafield>
    <datafield tag="250" ind1=" " ind2=" ">
      <subfield code="a">First edition.</subfield>
    </datafield>
    <datafield tag="264" ind1=" " ind2="1">
      <subfield code="a">Toronto, Ontario, Canada :</subfield>
      <subfield code="b">HarperCollinsPublishersLtd,</subfield>
      <subfield code="c">[2015]</subfield>
    </datafield>
    <datafield tag="264" ind1=" " ind2="4">
      <subfield code="c">©2015</subfield>
    </datafield>
    <datafield tag="300" ind1=" " ind2=" ">
      <subfield code="a">301 pages, 16 unnumbered pages of plates :</subfield>
      <subfield code="b">illustrations (chiefly color) ;</subfield>
      <subfield code="c">24 cm</subfield>
    </datafield>
    <datafield tag="336" ind1=" " ind2=" ">
      <subfield code="a">text</subfield>
      <subfield code="b">txt</subfield>
      <subfield code="2">rdacontent</subfield>
    </datafield>
    <datafield tag="337" ind1=" " ind2=" ">
      <subfield code="a">unmediated</subfield>
      <subfield code="b">n</subfield>
      <subfield code="2">rdamedia</subfield>
    </datafield>
    <datafield tag="338" ind1=" " ind2=" ">
      <subfield code="a">volume</subfield>
      <subfield code="b">nc</subfield>
      <subfield code="2">rdacarrier</subfield>
    </datafield>
    <datafield tag="505" ind1="0" ind2=" ">
      <subfield code="a">Breaking away -- A medal and a trophy -- No more secrets -- The O'Sullivans -- My father's (not so glorious) career -- Getting out of the game and getting back in -- The hockey handbook -- The training table -- His do-over -- Kicked out of practice -- Night work -- Wite-out -- A boy among men -- Junior B -- Exceptional -- All-American boy -- Road game -- The pitches -- Suitcase -- Debut -- Job application -- The night I saved my life -- Getting back on my skates and getting my skates back -- Not quite a fresh start -- All-American again -- Going public -- Draft day -- Sophie -- Comeback -- Long distance -- Old school -- Crow -- Wedding invitations and Christmas gifts unopened and returned -- Scratched -- The last time -- When it was gone -- Help -- How it happened -- Schnurr -- Foster -- Alvinston -- Strathroy -- Mantha -- Washkurak -- Epilogue : real life.</subfield>
    </datafield>
    <datafield tag="600" ind1="1" ind2="0">
      <subfield code="a">O'Sullivan, Patrick,</subfield>
      <subfield code="d">1985-</subfield>
      <subfield code="0">http://id.loc.gov/authorities/names/no2015139757</subfield>
    </datafield>
    <datafield tag="650" ind1=" " ind2="0">
      <subfield code="a">Hockey players</subfield>
      <subfield code="z">United States</subfield>
      <subfield code="v">Biography.</subfield>
    </datafield>
    <datafield tag="650" ind1=" " ind2="0">
      <subfield code="a">Child abuse</subfield>
      <subfield code="z">United States</subfield>
      <subfield code="v">Biography.</subfield>
    </datafield>
    <datafield tag="650" ind1=" " ind2="0">
      <subfield code="a">Father and child</subfield>
      <subfield code="z">United States</subfield>
      <subfield code="v">Biography.</subfield>
    </datafield>
    <datafield tag="700" ind1="1" ind2=" ">
      <subfield code="a">Joyce, Gare,</subfield>
      <subfield code="e">author.</subfield>
      <subfield code="0">http://id.loc.gov/authorities/names/nb2008023797</subfield>
    </datafield>
    <datafield tag="852" ind1="0" ind2=" ">
      <subfield code="b">f</subfield>
      <subfield code="h">GV848.5.O885</subfield>
      <subfield code="i">A3 2015</subfield>
    </datafield>
    <datafield tag="852" ind1="0" ind2=" ">
      <subfield code="b">firestone</subfield>
      <subfield code="c">stacks</subfield>
      <subfield code="h">GV848.5.O885</subfield>
      <subfield code="i">A3 2015</subfield>
      <subfield code="8">22707236320006421</subfield>
    </datafield>
  </record>