
  <record>
    <leader>01864dam a2200373 i 4500</leader>
    <controlfield tag="005">20201007140758.0</controlfield>
    <controlfield tag="008">160204t20162016ncu      bq   001 0 eng  </controlfield>
    <controlfield tag="001">9995877243506421</controlfield>
    <datafield tag="010" ind1=" " ind2=" ">
      <subfield code="a">  2016003943</subfield>
    </datafield>
    <datafield tag="020" ind1=" " ind2=" ">
      <subfield code="a">9780786498031</subfield>
      <subfield code="q">(softcover ;</subfield>
      <subfield code="q">alk. paper)</subfield>
    </datafield>
    <datafield tag="020" ind1=" " ind2=" ">
      <subfield code="a">078649803X</subfield>
      <subfield code="q">(softcover ;</subfield>
      <subfield code="q">alk. paper)</subfield>
    </datafield>
    <datafield tag="020" ind1=" " ind2=" ">
      <subfield code="z">9781476623801</subfield>
      <subfield code="q">(ebook)</subfield>
    </datafield>
    <datafield tag="035" ind1=" " ind2=" ">
      <subfield code="a">(OCoLC)918874320</subfield>
    </datafield>
    <datafield tag="035" ind1=" " ind2=" ">
      <subfield code="a">(OCoLC)ocn918874320</subfield>
    </datafield>
    <datafield tag="035" ind1=" " ind2=" ">
      <subfield code="a">9587724</subfield>
    </datafield>
    <datafield tag="035" ind1=" " ind2=" ">
      <subfield code="a">(NjP)9587724-princetondb</subfield>
    </datafield>
    <datafield tag="040" ind1=" " ind2=" ">
      <subfield code="a">DLC</subfield>
      <subfield code="b">eng</subfield>
      <subfield code="e">rda</subfield>
      <subfield code="c">DLC</subfield>
      <subfield code="d">YDXCP</subfield>
      <subfield code="d">BTCTA</subfield>
      <subfield code="d">OCLCO</subfield>
      <subfield code="d">OCLCQ</subfield>
      <subfield code="d">CDX</subfield>
    </datafield>
    <datafield tag="042" ind1=" " ind2=" ">
      <subfield code="a">pcc</subfield>
    </datafield>
    <datafield tag="050" ind1="0" ind2="0">
      <subfield code="a">GV706.3</subfield>
      <subfield code="b">.S74 2016</subfield>
    </datafield>
    <datafield tag="082" ind1="0" ind2="0">
      <subfield code="a">175</subfield>
      <subfield code="2">23</subfield>
    </datafield>
    <datafield tag="245" ind1="0" ind2="0">
      <subfield code="a">Sportsmanship :</subfield>
      <subfield code="b">multidisciplinary perspectives /</subfield>
      <subfield code="c">edited by Tim Delaney.</subfield>
    </datafield>
    <datafield tag="264" ind1=" " ind2="1">
      <subfield code="a">Jefferson, North Carolina :</subfield>
      <subfield code="b">McFarland &amp; Company, Inc., Publishers,</subfield>
      <subfield code="c">[2016]</subfield>
    </datafield>
    <datafield tag="264" ind1=" " ind2="4">
      <subfield code="c">©2016</subfield>
    </datafield>
    <datafield tag="300" ind1=" " ind2=" ">
      <subfield code="a">viii, 290 pages ;</subfield>
      <subfield code="c">26 cm</subfield>
    </datafield>
    <datafield tag="336" ind1=" " ind2=" ">
      <subfield code="a">text</subfield>
      <subfield code="b">txt</subfield>
      <subfield code="2">rdacontent</subfield>
    </datafield>
    <datafield tag="337" ind1=" " ind2=" ">
      <subfield code="a">unmediated</subfield>
      <subfield code="b">n</subfield>
      <subfield code="2">rdamedia</subfield>
    </datafield>
    <datafield tag="338" ind1=" " ind2=" ">
      <subfield code="a">volume</subfield>
      <subfield code="b">nc</subfield>
      <subfield code="2">rdacarrier</subfield>
    </datafield>
    <datafield tag="504" ind1=" " ind2=" ">
      <subfield code="a">Includes bibliographical references, filmography (pages 255-265) and index.</subfield>
    </datafield>
    <datafield tag="520" ind1=" " ind2=" ">
      <subfield code="a">"This collection of new essays brings together more than two dozen contributors from around the world who teach sportsmanship in a range of academic disciplines including sociology, psychology, economics, education, kinesiology and applied athletics. Topics include the moral ambiguities of cheating; recreation in prison; ethics and character formation; coaching perspectives; gender; race; and the portrayal of sportsmanship"--</subfield>
      <subfield code="c">Provided by publisher.</subfield>
    </datafield>
    <datafield tag="650" ind1=" " ind2="0">
      <subfield code="a">Sportsmanship.</subfield>
      <subfield code="0">http://id.loc.gov/authorities/subjects/sh85126960</subfield>
    </datafield>
    <datafield tag="650" ind1=" " ind2="0">
      <subfield code="a">Sports</subfield>
      <subfield code="x">Moral and ethical aspects.</subfield>
      <subfield code="0">http://id.loc.gov/authorities/subjects/sh2008112206</subfield>
    </datafield>
    <datafield tag="700" ind1="1" ind2=" ">
      <subfield code="a">Delaney, Tim,</subfield>
      <subfield code="e">editor.</subfield>
      <subfield code="0">http://id.loc.gov/authorities/names/n00104962</subfield>
    </datafield>
    <datafield tag="852" ind1="0" ind2=" ">
      <subfield code="b">f</subfield>
      <subfield code="h">GV706.3</subfield>
      <subfield code="i">.S74 2016</subfield>
    </datafield>
    <datafield tag="852" ind1="0" ind2=" ">
      <subfield code="b">firestone</subfield>
      <subfield code="c">stacks</subfield>
      <subfield code="h">GV706.3</subfield>
      <subfield code="i">.S74 2016</subfield>
      <subfield code="8">22582152670006421</subfield>
    </datafield>
  </record>