
  <record>
    <leader>02207dam a2200385 a 4500</leader>
    <controlfield tag="005">20201007141618.0</controlfield>
    <controlfield tag="008">150521t20152015oncaf    b    001 0beng d</controlfield>
    <controlfield tag="001">9995955763506421</controlfield>
    <datafield tag="016" ind1=" " ind2=" ">
      <subfield code="a">20159051541</subfield>
    </datafield>
    <datafield tag="020" ind1=" " ind2=" ">
      <subfield code="a">9780670069910</subfield>
      <subfield code="q">(hardback)</subfield>
    </datafield>
    <datafield tag="020" ind1=" " ind2=" ">
      <subfield code="a">0670069914</subfield>
      <subfield code="q">(hardback)</subfield>
    </datafield>
    <datafield tag="035" ind1=" " ind2=" ">
      <subfield code="a">(OCoLC)915044000</subfield>
      <subfield code="z">(OCoLC)904081704</subfield>
      <subfield code="z">(OCoLC)915741332</subfield>
    </datafield>
    <datafield tag="035" ind1=" " ind2=" ">
      <subfield code="a">(OCoLC)ocn915044000</subfield>
    </datafield>
    <datafield tag="035" ind1=" " ind2=" ">
      <subfield code="a">9595576</subfield>
    </datafield>
    <datafield tag="035" ind1=" " ind2=" ">
      <subfield code="a">(NjP)9595576-princetondb</subfield>
    </datafield>
    <datafield tag="040" ind1=" " ind2=" ">
      <subfield code="a">TRACS</subfield>
      <subfield code="b">eng</subfield>
      <subfield code="c">TRACS</subfield>
      <subfield code="d">NLC</subfield>
      <subfield code="d">OCLCO</subfield>
      <subfield code="d">YDXCP</subfield>
      <subfield code="d">BDX</subfield>
      <subfield code="d">BTCTA</subfield>
      <subfield code="d">NYP</subfield>
      <subfield code="d">OCLCO</subfield>
      <subfield code="d">VP@</subfield>
      <subfield code="d">CGP</subfield>
      <subfield code="d">OCLCQ</subfield>
    </datafield>
    <datafield tag="043" ind1=" " ind2=" ">
      <subfield code="a">n-cn---</subfield>
    </datafield>
    <datafield tag="050" ind1=" " ind2="4">
      <subfield code="a">GV848.5.Q56</subfield>
      <subfield code="b">R63 2015</subfield>
    </datafield>
    <datafield tag="055" ind1=" " ind2="0">
      <subfield code="a">GV848.5 Q56</subfield>
      <subfield code="b">R63 2015</subfield>
    </datafield>
    <datafield tag="082" ind1="0" ind2="4">
      <subfield code="a">796.962092</subfield>
      <subfield code="2">23</subfield>
    </datafield>
    <datafield tag="100" ind1="1" ind2=" ">
      <subfield code="a">Robson, Dan,</subfield>
      <subfield code="e">author.</subfield>
      <subfield code="0">http://id.loc.gov/authorities/names/no99079729</subfield>
    </datafield>
    <datafield tag="245" ind1="1" ind2="0">
      <subfield code="a">Quinn :</subfield>
      <subfield code="b">the life of a hockey legend /</subfield>
      <subfield code="c">Dan Robson.</subfield>
    </datafield>
    <datafield tag="264" ind1=" " ind2="1">
      <subfield code="a">Toronto, Ontario :</subfield>
      <subfield code="b">Viking, an imprint of Penguin Canada Books, Inc.,</subfield>
      <subfield code="c">2015.</subfield>
    </datafield>
    <datafield tag="264" ind1=" " ind2="4">
      <subfield code="c">©2015</subfield>
    </datafield>
    <datafield tag="300" ind1=" " ind2=" ">
      <subfield code="a">388 pages, 8 unnumbered pages of plates :</subfield>
      <subfield code="b">chiefly color illustrations ;</subfield>
      <subfield code="c">24 cm</subfield>
    </datafield>
    <datafield tag="336" ind1=" " ind2=" ">
      <subfield code="a">text</subfield>
      <subfield code="b">txt</subfield>
      <subfield code="2">rdacontent</subfield>
    </datafield>
    <datafield tag="337" ind1=" " ind2=" ">
      <subfield code="a">unmediated</subfield>
      <subfield code="b">n</subfield>
      <subfield code="2">rdamedia</subfield>
    </datafield>
    <datafield tag="338" ind1=" " ind2=" ">
      <subfield code="a">volume</subfield>
      <subfield code="b">nc</subfield>
      <subfield code="2">rdacarrier</subfield>
    </datafield>
    <datafield tag="504" ind1=" " ind2=" ">
      <subfield code="a">Includes bibliographical references and index.</subfield>
    </datafield>
    <datafield tag="520" ind1=" " ind2=" ">
      <subfield code="a">A tribute to the larger than life story of a hockey legend. Pat Quinn made a few enemies over the years, but there was no one who didn't respect the tough working-class kid who had fought his way to the very top of the hockey world. In the end, the player who would never even have dreamed of being inducted into the Hall of Fame was the chair of the Hall's selection committee. That is Quinn's story: an underdog who succeeded so completely that his legacy has become the standard by which others are judged. Told by a bestselling author and supported by the Quinn family and network of friends, "Quinn" is the definitive account of one of the game's biggest personalities and most storied lives.</subfield>
    </datafield>
    <datafield tag="600" ind1="1" ind2="0">
      <subfield code="a">Quinn, Pat.</subfield>
      <subfield code="0">http://id.loc.gov/authorities/names/n88159382</subfield>
    </datafield>
    <datafield tag="650" ind1=" " ind2="0">
      <subfield code="a">Hockey coaches</subfield>
      <subfield code="z">Canada</subfield>
      <subfield code="v">Biography.</subfield>
    </datafield>
    <datafield tag="650" ind1=" " ind2="0">
      <subfield code="a">Hockey players</subfield>
      <subfield code="z">Canada</subfield>
      <subfield code="v">Biography.</subfield>
      <subfield code="0">http://id.loc.gov/authorities/subjects/sh2008105708</subfield>
    </datafield>
    <datafield tag="852" ind1="0" ind2=" ">
      <subfield code="b">dixn</subfield>
      <subfield code="h">GV848.5.Q56</subfield>
      <subfield code="i">R63 2015</subfield>
    </datafield>
    <datafield tag="852" ind1="0" ind2=" ">
      <subfield code="b">firestone</subfield>
      <subfield code="c">stacks</subfield>
      <subfield code="h">GV848.5.Q56</subfield>
      <subfield code="i">R63 2015</subfield>
      <subfield code="8">22541175910006421</subfield>
    </datafield>
  </record>