
  <record>
    <leader>03341dam a2200409 i 4500</leader>
    <controlfield tag="005">20201007172145.0</controlfield>
    <controlfield tag="008">160524s2015    cu       b    000 0 spa d</controlfield>
    <controlfield tag="001">9996647133506421</controlfield>
    <datafield tag="035" ind1=" " ind2=" ">
      <subfield code="a">(OCoLC)ocn957248127</subfield>
    </datafield>
    <datafield tag="035" ind1=" " ind2=" ">
      <subfield code="a">9664713</subfield>
    </datafield>
    <datafield tag="035" ind1=" " ind2=" ">
      <subfield code="a">(OCoLC)957248127</subfield>
    </datafield>
    <datafield tag="035" ind1=" " ind2=" ">
      <subfield code="a">(NjP)9664713-princetondb</subfield>
    </datafield>
    <datafield tag="040" ind1=" " ind2=" ">
      <subfield code="a">EMU</subfield>
      <subfield code="b">eng</subfield>
      <subfield code="e">rda</subfield>
      <subfield code="c">EMU</subfield>
      <subfield code="d">OCLCF</subfield>
    </datafield>
    <datafield tag="020" ind1=" " ind2=" ">
      <subfield code="a">9789590507854</subfield>
    </datafield>
    <datafield tag="020" ind1=" " ind2=" ">
      <subfield code="a">9590507859</subfield>
    </datafield>
    <datafield tag="043" ind1=" " ind2=" ">
      <subfield code="a">nwcu---</subfield>
    </datafield>
    <datafield tag="050" ind1=" " ind2="4">
      <subfield code="a">GV863.25.A1</subfield>
      <subfield code="b">B45 2015</subfield>
    </datafield>
    <datafield tag="245" ind1="0" ind2="0">
      <subfield code="a">Béisbol y nación en Cuba /</subfield>
      <subfield code="c">Félix Julio Alfonso López.</subfield>
    </datafield>
    <datafield tag="264" ind1=" " ind2="1">
      <subfield code="a">La Habana :</subfield>
      <subfield code="b">Editorial Científico-Técnica,</subfield>
      <subfield code="c">2015.</subfield>
    </datafield>
    <datafield tag="300" ind1=" " ind2=" ">
      <subfield code="a">449 pages ;</subfield>
      <subfield code="c">23 cm</subfield>
    </datafield>
    <datafield tag="336" ind1=" " ind2=" ">
      <subfield code="a">text</subfield>
      <subfield code="b">txt</subfield>
      <subfield code="2">rdacontent</subfield>
    </datafield>
    <datafield tag="337" ind1=" " ind2=" ">
      <subfield code="a">unmediated</subfield>
      <subfield code="b">n</subfield>
      <subfield code="2">rdamedia</subfield>
    </datafield>
    <datafield tag="338" ind1=" " ind2=" ">
      <subfield code="a">volume</subfield>
      <subfield code="b">nc</subfield>
      <subfield code="2">rdacarrier</subfield>
    </datafield>
    <datafield tag="500" ind1=" " ind2=" ">
      <subfield code="a">Collected essays by various authors.</subfield>
    </datafield>
    <datafield tag="504" ind1=" " ind2=" ">
      <subfield code="a">Includes bibliographical references.</subfield>
    </datafield>
    <datafield tag="505" ind1="0" ind2=" ">
      <subfield code="a">Palabras al lector -- Arqueología del béisbol cubano -- Béisbol y nación en Cuba -- Rojos y azules -- Higiene, sociedad y béisbol en La Habana del siglo XIX -- Carlos Maciá o la simpatía -- Wenceslao Gálvez y Delmonte -- Elena A. al bate -- José Martí y el juego de pelota en los Estados Unidos -- Los peloteros del maine -- Latinos, negros, indios y mestizos en el béisbol de los Estados Unidos -- Los gigantes vencidos -- Béisbol, intervención y nacionalismo en Santiago de Cuba : 1901-1902 -- Azúcar y béisbol en cuba -- Los celosos guardianes de la moral -- Béisbol, violencia y pesidio -- Un pelotero mexicano llamado Martín Dihígo -- La tarde feliz del zurdo Lozano -- Cuba, Venezuela y el béisbol -- Hablar de pelota -- Infield hit : una poética del béisbol -- El viejo (Dimaggio) y el mar -- Carpentier, la moda e el béisbol -- Severo Nieto -- Música y béisbol en Cuba -- El béisbol en la litertura cubana -- El béisbol en la cuentística cubana -- Agustín Marquetti : ¡qué bueno juega usted! -- La poesía del jonrón -- Los mitos verdaderos de la pelota -- La sonrisa de Pedro Luis Lazo -- Alfonso Urquiola : un relámpago sobre el diamante -- Rapsodia para Los Mulos de Nicaro -- Historia y revolución En Los Diamantes -- Béisbol y guerra fría : el juego Cuba-Estados Unidos que nunca sucedió (1975) -- Una excursión a Vueltabajo (para hablar de pelota) -- Secretos compartidos del béisbol cubano -- Hombres del negro -- Televisión comercial y deportes en Cuba -- El jonrón con bases llenas de Norberto Codina -- La novela Hereje y pelotero de Leonardo Padura -- Tamayo en pelota -- Los leopardos de Santa Clara : en su monte seco y pardo... -- Epílogo. Legado y memoria del béisbol cubano ; Anexo ; El béisbol es patrimonio espiritual de la nación ; Género y deporte ; Béisbol o pelota : una historia cultural de lo social.</subfield>
    </datafield>
    <datafield tag="650" ind1=" " ind2="0">
      <subfield code="a">Baseball</subfield>
      <subfield code="z">Cuba</subfield>
      <subfield code="x">History.</subfield>
    </datafield>
    <datafield tag="650" ind1=" " ind2="0">
      <subfield code="a">Baseball teams</subfield>
      <subfield code="z">Cuba</subfield>
      <subfield code="x">History.</subfield>
    </datafield>
    <datafield tag="650" ind1=" " ind2="0">
      <subfield code="a">Baseball players</subfield>
      <subfield code="z">Cuba.</subfield>
    </datafield>
    <datafield tag="650" ind1=" " ind2="7">
      <subfield code="a">Baseball.</subfield>
      <subfield code="2">fast</subfield>
      <subfield code="0">(OCoLC)fst00827904</subfield>
    </datafield>
    <datafield tag="650" ind1=" " ind2="7">
      <subfield code="a">Baseball players.</subfield>
      <subfield code="2">fast</subfield>
      <subfield code="0">(OCoLC)fst00828007</subfield>
    </datafield>
    <datafield tag="650" ind1=" " ind2="7">
      <subfield code="a">Baseball teams.</subfield>
      <subfield code="2">fast</subfield>
      <subfield code="0">(OCoLC)fst00828040</subfield>
    </datafield>
    <datafield tag="651" ind1=" " ind2="7">
      <subfield code="a">Cuba.</subfield>
      <subfield code="2">fast</subfield>
      <subfield code="0">(OCoLC)fst01205805</subfield>
    </datafield>
    <datafield tag="655" ind1=" " ind2="7">
      <subfield code="a">History.</subfield>
      <subfield code="2">fast</subfield>
      <subfield code="0">(OCoLC)fst01411628</subfield>
    </datafield>
    <datafield tag="700" ind1="1" ind2=" ">
      <subfield code="a">Alfonso López, Félix Julio,</subfield>
      <subfield code="e">editor.</subfield>
      <subfield code="0">http://id.loc.gov/authorities/names/no2005019280</subfield>
    </datafield>
    <datafield tag="852" ind1="0" ind2=" ">
      <subfield code="b">firestone</subfield>
      <subfield code="c">stacks</subfield>
      <subfield code="h">GV863.25.A1</subfield>
      <subfield code="i">B45 2015</subfield>
      <subfield code="8">22492252560006421</subfield>
    </datafield>
  </record>