
  <record>
    <leader>02182dam a2200373Ia 4500</leader>
    <controlfield tag="005">20201007172431.0</controlfield>
    <controlfield tag="008">151201s2015    bl a     b    000 0 por d</controlfield>
    <controlfield tag="001">9996673123506421</controlfield>
    <datafield tag="035" ind1=" " ind2=" ">
      <subfield code="a">(OCoLC)ocn935921210</subfield>
    </datafield>
    <datafield tag="035" ind1=" " ind2=" ">
      <subfield code="a">(OCoLC)935921210</subfield>
    </datafield>
    <datafield tag="035" ind1=" " ind2=" ">
      <subfield code="a">9667312</subfield>
    </datafield>
    <datafield tag="035" ind1=" " ind2=" ">
      <subfield code="a">(OCoLC)935921210</subfield>
      <subfield code="z">(OCoLC)927364346</subfield>
    </datafield>
    <datafield tag="035" ind1=" " ind2=" ">
      <subfield code="a">(NjP)9667312-princetondb</subfield>
    </datafield>
    <datafield tag="040" ind1=" " ind2=" ">
      <subfield code="a">SBACH</subfield>
      <subfield code="b">eng</subfield>
      <subfield code="c">SBACH</subfield>
      <subfield code="d">ZCU</subfield>
      <subfield code="d">OCLCO</subfield>
      <subfield code="d">OCLCQ</subfield>
      <subfield code="d">H7K</subfield>
      <subfield code="d">RBN</subfield>
      <subfield code="d">GZM</subfield>
      <subfield code="d">IXA</subfield>
    </datafield>
    <datafield tag="020" ind1=" " ind2=" ">
      <subfield code="a">9788523213442</subfield>
      <subfield code="q">(pbk.)</subfield>
    </datafield>
    <datafield tag="020" ind1=" " ind2=" ">
      <subfield code="a">8523213449</subfield>
      <subfield code="q">(pbk.)</subfield>
    </datafield>
    <datafield tag="043" ind1=" " ind2=" ">
      <subfield code="a">s-bl---</subfield>
    </datafield>
    <datafield tag="050" ind1="1" ind2="4">
      <subfield code="a">GV712</subfield>
      <subfield code="b">.I96 2015</subfield>
    </datafield>
    <datafield tag="050" ind1=" " ind2="4">
      <subfield code="a">GV722.5.W57</subfield>
      <subfield code="b">I96 2015</subfield>
    </datafield>
    <datafield tag="100" ind1="1" ind2=" ">
      <subfield code="a">Ivo, Any Brito Leal,</subfield>
      <subfield code="e">author.</subfield>
      <subfield code="0">http://id.loc.gov/authorities/names/no2016086611</subfield>
    </datafield>
    <datafield tag="245" ind1="1" ind2="0">
      <subfield code="a">Para além dos jogos de futebol :</subfield>
      <subfield code="b">o processo de reestruturação das cidades para a Copa de 2014 e a marca Brasil /</subfield>
      <subfield code="c">Any Brito Leal Ivo.</subfield>
    </datafield>
    <datafield tag="260" ind1=" " ind2=" ">
      <subfield code="a">Salvador :</subfield>
      <subfield code="b">EDUFBA,</subfield>
      <subfield code="c">2015.</subfield>
    </datafield>
    <datafield tag="300" ind1=" " ind2=" ">
      <subfield code="a">296 pages :</subfield>
      <subfield code="b">illustrations ;</subfield>
      <subfield code="c">23 cm</subfield>
    </datafield>
    <datafield tag="336" ind1=" " ind2=" ">
      <subfield code="a">text</subfield>
      <subfield code="b">txt</subfield>
      <subfield code="2">rdacontent</subfield>
    </datafield>
    <datafield tag="337" ind1=" " ind2=" ">
      <subfield code="a">unmediated</subfield>
      <subfield code="b">n</subfield>
      <subfield code="2">rdamedia</subfield>
    </datafield>
    <datafield tag="338" ind1=" " ind2=" ">
      <subfield code="a">volume</subfield>
      <subfield code="b">nc</subfield>
      <subfield code="2">rdacarrier</subfield>
    </datafield>
    <datafield tag="504" ind1=" " ind2=" ">
      <subfield code="a">Includes bibliographical references (pages 269-296).</subfield>
    </datafield>
    <datafield tag="505" ind1="8" ind2=" ">
      <subfield code="a">Introdução -- As cidades como produtos e os países a venda -- Os megaeventos como vitrines de países -- Beijim olímpica numa Nova China -- A Copa da África do Sul: a esperança de um futuro pais -- Megaeventos como modelo perverso e complexo -- O "Brazil Takes Off": a imagem do pais desejada -- Para além dos jogos da Copa de 2014 -- A reestruturação das cidades para Copa do Mundo no Brasil -- A escolha das cidades-sede -- Os investimentos e o controle de gastos -- A fábrica de ilusões -- Cidades sitiadas -a segurança para a Copa de 2014 -- A reestruturação para o mundial e o direito a cidade -- O Estado-excessivo como mediador da Marca Brasil e a Copa de 2014.</subfield>
    </datafield>
    <datafield tag="650" ind1=" " ind2="0">
      <subfield code="a">City planning</subfield>
      <subfield code="z">Brazil.</subfield>
      <subfield code="0">http://id.loc.gov/authorities/subjects/sh2008100849</subfield>
    </datafield>
    <datafield tag="650" ind1=" " ind2="0">
      <subfield code="a">Urbanization</subfield>
      <subfield code="z">Brazil.</subfield>
      <subfield code="0">http://id.loc.gov/authorities/subjects/sh2008113137</subfield>
    </datafield>
    <datafield tag="650" ind1=" " ind2="0">
      <subfield code="a">Hosting of sporting events</subfield>
      <subfield code="x">Social aspects.</subfield>
    </datafield>
    <datafield tag="611" ind1="2" ind2="0">
      <subfield code="a">World Cup (Soccer)</subfield>
      <subfield code="d">(2014 :</subfield>
      <subfield code="c">Brazil)</subfield>
      <subfield code="x">Social aspects.</subfield>
    </datafield>
    <datafield tag="852" ind1="0" ind2=" ">
      <subfield code="b">firestone</subfield>
      <subfield code="c">stacks</subfield>
      <subfield code="h">GV722.5.W57</subfield>
      <subfield code="i">I96 2015</subfield>
      <subfield code="8">22643349360006421</subfield>
    </datafield>
  </record>