
  <record>
    <leader>03007dam a2200373 i 4500</leader>
    <controlfield tag="005">20201007172543.0</controlfield>
    <controlfield tag="008">151208t20162016bcca     b    001 0 eng  </controlfield>
    <controlfield tag="001">9996682873506421</controlfield>
    <datafield tag="016" ind1=" " ind2=" ">
      <subfield code="a">20159081181</subfield>
    </datafield>
    <datafield tag="020" ind1=" " ind2=" ">
      <subfield code="a">9781987915006</subfield>
      <subfield code="q">(paperback)</subfield>
    </datafield>
    <datafield tag="020" ind1=" " ind2=" ">
      <subfield code="a">1987915003</subfield>
      <subfield code="q">(paperback)</subfield>
    </datafield>
    <datafield tag="035" ind1=" " ind2=" ">
      <subfield code="a">(OCoLC)932093534</subfield>
      <subfield code="z">(OCoLC)945794583</subfield>
    </datafield>
    <datafield tag="035" ind1=" " ind2=" ">
      <subfield code="a">(OCoLC)ocn932093534</subfield>
    </datafield>
    <datafield tag="035" ind1=" " ind2=" ">
      <subfield code="a">9668287</subfield>
    </datafield>
    <datafield tag="035" ind1=" " ind2=" ">
      <subfield code="a">(NjP)9668287-princetondb</subfield>
    </datafield>
    <datafield tag="040" ind1=" " ind2=" ">
      <subfield code="a">NLC</subfield>
      <subfield code="b">eng</subfield>
      <subfield code="e">rda</subfield>
      <subfield code="c">NLC</subfield>
      <subfield code="d">OCLCO</subfield>
      <subfield code="d">BDX</subfield>
      <subfield code="d">OCLCF</subfield>
      <subfield code="d">YDXCP</subfield>
      <subfield code="d">BTCTA</subfield>
      <subfield code="d">CDX</subfield>
    </datafield>
    <datafield tag="043" ind1=" " ind2=" ">
      <subfield code="a">n-cn-bc</subfield>
    </datafield>
    <datafield tag="050" ind1=" " ind2="4">
      <subfield code="a">GV722.5.B7</subfield>
      <subfield code="b">B42 2016</subfield>
    </datafield>
    <datafield tag="055" ind1=" " ind2="0">
      <subfield code="a">GV722.5 B7</subfield>
      <subfield code="b">B42 2016</subfield>
    </datafield>
    <datafield tag="082" ind1="0" ind2="4">
      <subfield code="a">796.09711/33</subfield>
      <subfield code="2">23</subfield>
    </datafield>
    <datafield tag="100" ind1="1" ind2=" ">
      <subfield code="a">Gonzales, Chilly,</subfield>
      <subfield code="e">author.</subfield>
      <subfield code="0">http://id.loc.gov/authorities/names/no2007125325</subfield>
    </datafield>
    <datafield tag="245" ind1="1" ind2="4">
      <subfield code="a">The miracle mile :</subfield>
      <subfield code="b">stories of the 1954 British Empire and Commonwealth Games /</subfield>
      <subfield code="c">Jason Beck.</subfield>
    </datafield>
    <datafield tag="264" ind1=" " ind2="1">
      <subfield code="a">Halfmoon Bay, British Columbia :</subfield>
      <subfield code="b">Caitlin Press,</subfield>
      <subfield code="c">[2016]</subfield>
    </datafield>
    <datafield tag="264" ind1=" " ind2="4">
      <subfield code="c">©2016</subfield>
    </datafield>
    <datafield tag="300" ind1=" " ind2=" ">
      <subfield code="a">318 pages :</subfield>
      <subfield code="b">illustrations ;</subfield>
      <subfield code="c">26 cm</subfield>
    </datafield>
    <datafield tag="336" ind1=" " ind2=" ">
      <subfield code="a">text</subfield>
      <subfield code="b">txt</subfield>
      <subfield code="2">rdacontent</subfield>
    </datafield>
    <datafield tag="337" ind1=" " ind2=" ">
      <subfield code="a">unmediated</subfield>
      <subfield code="b">n</subfield>
      <subfield code="2">rdamedia</subfield>
    </datafield>
    <datafield tag="338" ind1=" " ind2=" ">
      <subfield code="a">volume</subfield>
      <subfield code="b">nc</subfield>
      <subfield code="2">rdacarrier</subfield>
    </datafield>
    <datafield tag="504" ind1=" " ind2=" ">
      <subfield code="a">Includes bibliographical references (pages 307-313) and index.</subfield>
    </datafield>
    <datafield tag="520" ind1=" " ind2=" ">
      <subfield code="a">"The 1954 British Empire and Commonwealth Games in Vancouver changed both the city and world sport forever. The Games will always be remembered for the "Miracle Mile," the much-anticipated showdown between the first two men to break the four-minute barrier, England's Roger Bannister and Australia's John Landy. But as the press focused the world's attention on Vancouver, and Bannister outpaced Landy in the stretch, fate found an even more dramatic story that seared itself into the memories of all who saw it. England's Jim Peters, the world-record holder in the marathon, entered Empire Stadium at the end of a brutal twenty-six-mile run, collapsing repeatedly before a medic stopped him two hundred yards from the finish line. These two stories brought the Games to a stirring conclusion on its final day--Saturday, August 7, 1954--but there were many other extraordinary moments throughout the events. A group of novice UBC rowers pulled off the biggest upset in Games history on the Fraser Valley's Vedder Canal. Australia's Marjorie Jackson-Nelson, the fastest woman in history, blasted down the track one final time to remain undefeated in international competition, an unprecedented accomplishment before and since. Emmanuel Ifeajuna, a little-known high jumper from Nigeria, surprised the world when he won Africa's first-ever international gold medal. He later masterminded a bloody coup that plunged his nation into devastating civil war. Every single day offered up unbelievable tales of glory and grief. As one 1954 billboard boldly proclaimed, the Games were "a week you'll remember a lifetime!"--</subfield>
      <subfield code="c">Provided by publisher.</subfield>
    </datafield>
    <datafield tag="611" ind1="2" ind2="0">
      <subfield code="a">Commonwealth Games</subfield>
      <subfield code="n">(5th :</subfield>
      <subfield code="d">1954 :</subfield>
      <subfield code="c">Vancouver, B.C.)</subfield>
    </datafield>
    <datafield tag="611" ind1="2" ind2="7">
      <subfield code="a">Commonwealth Games.</subfield>
      <subfield code="2">fast</subfield>
      <subfield code="0">(OCoLC)fst01409482</subfield>
    </datafield>
    <datafield tag="852" ind1="0" ind2=" ">
      <subfield code="b">f</subfield>
      <subfield code="h">GV722.5.B7</subfield>
      <subfield code="i">B42 2016</subfield>
    </datafield>
    <datafield tag="852" ind1="0" ind2=" ">
      <subfield code="b">firestone</subfield>
      <subfield code="c">stacks</subfield>
      <subfield code="h">GV722.5.B7</subfield>
      <subfield code="i">B42 2016</subfield>
      <subfield code="8">22546498560006421</subfield>
    </datafield>
  </record>