
  <record>
    <leader>03943dam a2200493 i 4500</leader>
    <controlfield tag="005">20201007172611.0</controlfield>
    <controlfield tag="008">160126t20162016nyuaf    b    000 0deng  </controlfield>
    <controlfield tag="001">9996684693506421</controlfield>
    <datafield tag="010" ind1=" " ind2=" ">
      <subfield code="a">  2015050616</subfield>
    </datafield>
    <datafield tag="020" ind1=" " ind2=" ">
      <subfield code="a">9780062360564</subfield>
      <subfield code="q">(Hardcover)</subfield>
    </datafield>
    <datafield tag="020" ind1=" " ind2=" ">
      <subfield code="a">0062360566</subfield>
      <subfield code="q">(Hardcover)</subfield>
    </datafield>
    <datafield tag="020" ind1=" " ind2=" ">
      <subfield code="z">9780062466754</subfield>
      <subfield code="q">(Large Print)</subfield>
    </datafield>
    <datafield tag="035" ind1=" " ind2=" ">
      <subfield code="a">(OCoLC)936430403</subfield>
      <subfield code="z">(OCoLC)918590678</subfield>
    </datafield>
    <datafield tag="035" ind1=" " ind2=" ">
      <subfield code="a">(OCoLC)ocn936430403</subfield>
    </datafield>
    <datafield tag="035" ind1=" " ind2=" ">
      <subfield code="a">9668469</subfield>
    </datafield>
    <datafield tag="035" ind1=" " ind2=" ">
      <subfield code="a">(NjP)9668469-princetondb</subfield>
    </datafield>
    <datafield tag="040" ind1=" " ind2=" ">
      <subfield code="a">DLC</subfield>
      <subfield code="b">eng</subfield>
      <subfield code="e">rda</subfield>
      <subfield code="c">DLC</subfield>
      <subfield code="d">OCLCO</subfield>
      <subfield code="d">YDXCP</subfield>
      <subfield code="d">BTCTA</subfield>
      <subfield code="d">BDX</subfield>
      <subfield code="d">OCLCQ</subfield>
      <subfield code="d">OCLCF</subfield>
      <subfield code="d">BUR</subfield>
      <subfield code="d">ON8</subfield>
      <subfield code="d">VP@</subfield>
    </datafield>
    <datafield tag="042" ind1=" " ind2=" ">
      <subfield code="a">pcc</subfield>
    </datafield>
    <datafield tag="043" ind1=" " ind2=" ">
      <subfield code="a">n-us---</subfield>
      <subfield code="a">n-us-ca</subfield>
    </datafield>
    <datafield tag="050" ind1="0" ind2="0">
      <subfield code="a">GV875.L6</subfield>
      <subfield code="b">L42 2016</subfield>
    </datafield>
    <datafield tag="082" ind1="0" ind2="0">
      <subfield code="a">796.357/640979494</subfield>
      <subfield code="2">23</subfield>
    </datafield>
    <datafield tag="100" ind1="1" ind2=" ">
      <subfield code="a">Leahy, Michael,</subfield>
      <subfield code="d">1953-</subfield>
      <subfield code="e">author.</subfield>
      <subfield code="0">http://id.loc.gov/authorities/names/n88047336</subfield>
    </datafield>
    <datafield tag="245" ind1="1" ind2="4">
      <subfield code="a">The last innocents :</subfield>
      <subfield code="b">the collision of the turbulent sixties and the Los Angeles Dodgers /</subfield>
      <subfield code="c">Michael Leahy.</subfield>
    </datafield>
    <datafield tag="250" ind1=" " ind2=" ">
      <subfield code="a">First edition.</subfield>
    </datafield>
    <datafield tag="264" ind1=" " ind2="1">
      <subfield code="a">New York :</subfield>
      <subfield code="b">Harper, an imprint of HarperCollinsPublishers,</subfield>
      <subfield code="c">[2016]</subfield>
    </datafield>
    <datafield tag="264" ind1=" " ind2="4">
      <subfield code="c">©2016</subfield>
    </datafield>
    <datafield tag="300" ind1=" " ind2=" ">
      <subfield code="a">xviii, 473 pages, 8 unnumbered pages of plates :</subfield>
      <subfield code="b">illustrations ;</subfield>
      <subfield code="c">24 cm</subfield>
    </datafield>
    <datafield tag="336" ind1=" " ind2=" ">
      <subfield code="a">text</subfield>
      <subfield code="b">txt</subfield>
      <subfield code="2">rdacontent</subfield>
    </datafield>
    <datafield tag="337" ind1=" " ind2=" ">
      <subfield code="a">unmediated</subfield>
      <subfield code="b">n</subfield>
      <subfield code="2">rdamedia</subfield>
    </datafield>
    <datafield tag="338" ind1=" " ind2=" ">
      <subfield code="a">volume</subfield>
      <subfield code="b">nc</subfield>
      <subfield code="2">rdacarrier</subfield>
    </datafield>
    <datafield tag="504" ind1=" " ind2=" ">
      <subfield code="a">Includes bibliographical references (pages 463-473).</subfield>
    </datafield>
    <datafield tag="505" ind1="0" ind2=" ">
      <subfield code="a">Genesis -- Surviving the '60s -- The frenzy of 1963: the fearsome Yankees, the epic World Series, and the arrival of the Dodgers' reluctant idol -- The Dodgers' victory, a president's assassination, and the first seeds of a players' rebellion -- An upheaval begins -- The riotous season -- Baseball's watershed -- The last march -- Baseball takes a back seat to the world -- A star comes home and others say goodbye -- The final years.</subfield>
    </datafield>
    <datafield tag="520" ind1=" " ind2=" ">
      <subfield code="a">It's rare for a team to encapsulate an era as indelibly as the Los Angeles Dodgers did the 1960s. White, black, Jewish, Christian, wealthy, working class, conservative, liberal--the Dodgers embodied the disparate cultural forces at play in an America riven by race and war. In this book, journalist Michael Leahy tells the story of this mesmerizing time and extraordinary team through seven players--Maury Wills, Sandy Koufax, Wes Parker, Jeff Torborg, Tommy Davis, Dick Tracewski, and Lou Johnson--taking readers through the high drama of their World Series appearances, pivotal triumphs, and individual setbacks while the Dodgers reigned and baseball was king. It is a story about what it was like to be a major leaguer when the country was turned upside down by the tumult of the civil rights movement, a series of wrenching political assassinations, and the shock waves of the Vietnam War. Outside the public eye, these seven Dodgers--friends, mentors, and confidants--struggled to understand their place in society and in a sport controlled by owners whose wishes were fiat. Even as they starred in games watched by millions, they coped with anxieties and indignities their fans knew nothing about--some of their wounds deeply personal, others more common to the times, though no less painful. In their dissatisfaction, they helped plant the seeds of a rebellion that would change their sport. This is a unique portrait of a watershed era in baseball and in America. --Adapted from dust jacket.</subfield>
    </datafield>
    <datafield tag="610" ind1="2" ind2="0">
      <subfield code="a">Los Angeles Dodgers (Baseball team)</subfield>
      <subfield code="x">History</subfield>
      <subfield code="y">20th century.</subfield>
    </datafield>
    <datafield tag="610" ind1="2" ind2="7">
      <subfield code="a">Los Angeles Dodgers (Baseball team)</subfield>
      <subfield code="2">fast</subfield>
      <subfield code="0">(OCoLC)fst00533388</subfield>
    </datafield>
    <datafield tag="648" ind1=" " ind2="7">
      <subfield code="a">1900-1999</subfield>
      <subfield code="2">fast</subfield>
    </datafield>
    <datafield tag="650" ind1=" " ind2="0">
      <subfield code="a">Baseball</subfield>
      <subfield code="z">United States</subfield>
      <subfield code="x">History</subfield>
      <subfield code="y">20th century.</subfield>
      <subfield code="0">http://id.loc.gov/authorities/subjects/sh2007101909</subfield>
    </datafield>
    <datafield tag="650" ind1=" " ind2="0">
      <subfield code="a">Nineteen sixties.</subfield>
      <subfield code="0">http://id.loc.gov/authorities/subjects/sh96005475</subfield>
    </datafield>
    <datafield tag="650" ind1=" " ind2="7">
      <subfield code="a">Baseball.</subfield>
      <subfield code="2">fast</subfield>
      <subfield code="0">(OCoLC)fst00827904</subfield>
    </datafield>
    <datafield tag="650" ind1=" " ind2="7">
      <subfield code="a">Nineteen sixties.</subfield>
      <subfield code="2">fast</subfield>
      <subfield code="0">(OCoLC)fst01037817</subfield>
    </datafield>
    <datafield tag="651" ind1=" " ind2="7">
      <subfield code="a">United States.</subfield>
      <subfield code="2">fast</subfield>
      <subfield code="0">(OCoLC)fst01204155</subfield>
    </datafield>
    <datafield tag="655" ind1=" " ind2="7">
      <subfield code="a">History.</subfield>
      <subfield code="2">fast</subfield>
      <subfield code="0">(OCoLC)fst01411628</subfield>
    </datafield>
    <datafield tag="852" ind1="0" ind2=" ">
      <subfield code="b">dixn</subfield>
      <subfield code="h">GV875.L6</subfield>
      <subfield code="i">L42 2016</subfield>
    </datafield>
    <datafield tag="852" ind1="0" ind2=" ">
      <subfield code="b">firestone</subfield>
      <subfield code="c">stacks</subfield>
      <subfield code="h">GV875.L6</subfield>
      <subfield code="i">L42 2016</subfield>
      <subfield code="8">22546539340006421</subfield>
    </datafield>
  </record>