
  <record>
    <leader>03988dam a2200493 i 4500</leader>
    <controlfield tag="005">20201007232042.0</controlfield>
    <controlfield tag="008">150923t20162016enk      b    001 0 eng  </controlfield>
    <controlfield tag="001">9999054783506421</controlfield>
    <datafield tag="010" ind1=" " ind2=" ">
      <subfield code="a">  2015026615</subfield>
    </datafield>
    <datafield tag="020" ind1=" " ind2=" ">
      <subfield code="a">9781472414038</subfield>
      <subfield code="q">(hardcover)</subfield>
    </datafield>
    <datafield tag="020" ind1=" " ind2=" ">
      <subfield code="a">1472414039</subfield>
      <subfield code="q">(hardcover)</subfield>
    </datafield>
    <datafield tag="020" ind1=" " ind2=" ">
      <subfield code="a">9781472414045</subfield>
      <subfield code="q">(pbk.)</subfield>
    </datafield>
    <datafield tag="020" ind1=" " ind2=" ">
      <subfield code="a">1472414047</subfield>
      <subfield code="q">(pbk.)</subfield>
    </datafield>
    <datafield tag="020" ind1=" " ind2=" ">
      <subfield code="z">9781315610450</subfield>
      <subfield code="q">(ebk.)</subfield>
    </datafield>
    <datafield tag="020" ind1=" " ind2=" ">
      <subfield code="z">9781472414052</subfield>
      <subfield code="q">(ebook)</subfield>
    </datafield>
    <datafield tag="020" ind1=" " ind2=" ">
      <subfield code="z">9781472414069</subfield>
      <subfield code="q">(epub)</subfield>
    </datafield>
    <datafield tag="035" ind1=" " ind2=" ">
      <subfield code="a">(OCoLC)927192194</subfield>
      <subfield code="z">(OCoLC)918995312</subfield>
    </datafield>
    <datafield tag="035" ind1=" " ind2=" ">
      <subfield code="a">(OCoLC)ocn927192194</subfield>
    </datafield>
    <datafield tag="035" ind1=" " ind2=" ">
      <subfield code="a">9905478</subfield>
    </datafield>
    <datafield tag="035" ind1=" " ind2=" ">
      <subfield code="a">(NjP)9905478-princetondb</subfield>
    </datafield>
    <datafield tag="040" ind1=" " ind2=" ">
      <subfield code="a">DLC</subfield>
      <subfield code="b">eng</subfield>
      <subfield code="e">rda</subfield>
      <subfield code="c">DLC</subfield>
      <subfield code="d">BTCTA</subfield>
      <subfield code="d">OCLCF</subfield>
      <subfield code="d">YDXCP</subfield>
      <subfield code="d">OCLCQ</subfield>
    </datafield>
    <datafield tag="042" ind1=" " ind2=" ">
      <subfield code="a">pcc</subfield>
    </datafield>
    <datafield tag="050" ind1="0" ind2="0">
      <subfield code="a">GV706.42</subfield>
      <subfield code="b">.S678 2016</subfield>
    </datafield>
    <datafield tag="082" ind1="0" ind2="0">
      <subfield code="a">796.01</subfield>
      <subfield code="2">23</subfield>
    </datafield>
    <datafield tag="245" ind1="0" ind2="0">
      <subfield code="a">Sports chaplaincy :</subfield>
      <subfield code="b">trends, issues and debates /</subfield>
      <subfield code="c">edited by Andrew Parker, Nick J. Watson and John B. White.</subfield>
    </datafield>
    <datafield tag="264" ind1=" " ind2="1">
      <subfield code="a">London ;</subfield>
      <subfield code="a">New York :</subfield>
      <subfield code="b">Routledge, Taylor &amp; Francis Group,</subfield>
      <subfield code="c">2016.</subfield>
    </datafield>
    <datafield tag="264" ind1=" " ind2="4">
      <subfield code="c">©2016</subfield>
    </datafield>
    <datafield tag="300" ind1=" " ind2=" ">
      <subfield code="a">xix, 207 pages ;</subfield>
      <subfield code="c">24 cm</subfield>
    </datafield>
    <datafield tag="336" ind1=" " ind2=" ">
      <subfield code="a">text</subfield>
      <subfield code="b">txt</subfield>
      <subfield code="2">rdacontent</subfield>
    </datafield>
    <datafield tag="337" ind1=" " ind2=" ">
      <subfield code="a">unmediated</subfield>
      <subfield code="b">n</subfield>
      <subfield code="2">rdamedia</subfield>
    </datafield>
    <datafield tag="338" ind1=" " ind2=" ">
      <subfield code="a">volume</subfield>
      <subfield code="b">nc</subfield>
      <subfield code="2">rdacarrier</subfield>
    </datafield>
    <datafield tag="504" ind1=" " ind2=" ">
      <subfield code="a">Includes bibliographical references and index.</subfield>
    </datafield>
    <datafield tag="505" ind1="0" ind2=" ">
      <subfield code="a">Introduction: Trends, issues and debates in sports chaplaincy/ Andrew Parker, Nick J. Watson and John White -- Part I. International perspectives.Sports chaplaincy: a global overview / J. Stuart Weir ; Sports chaplaincy in the United Kingdom / John Boyers ; Sports chaplaincy and North American society: strategies for winning in the club house / Greg Linville ; Sports chaplaincy Australia / Cameron Butler and Noel Mitaxa ; Sports chaplaincy at the Olympics and Paralympics: reflections on London 2012 / Duncan Green -- Part II. Conceptualizing sports chaplaincy. Doing sports chaplaincy in a fatherless age / Nick J. Watson ; Sports chaplaincy in a post-traditional religious context / Ed Uszynski ; Reviving the shepherd in us: pastoral theology and its relevance to sports chaplaincy in the twenty-first century / Steven N. Waller and Harold Cottom ; Gospel-shaped sports chaplaincy: a theologically driven sport ministry / John B. White ; Reformation pastoral care in the Olympic Village / Ashley Null -- Part III. Sports chaplaincy: practice and praxis. Beyond praying for players: an exploration of the responsibilities and practices of sports chaplains / Anthony M.J. Maranise ; Finding the right key: an examination of global sports chaplaincy credentialing models and their implications for credentialing sports chaplains in the United States / Steven N. Waller, Lars Dzikus, Robin L. Hardin and James H. Bemiller ; Serving the spirit?: The sport psychologist and the chaplain in English Premiership football / Mark Nesti ; Moving toward a faithful relationship: sport psychology consultants speak about the potential of engaging with spirituality in consultation / Trevor J. Egli and Leslee A. Fisher ; Football, chaplaincy and sport psychology: connections and possibilities / Richard Gamble, Andrew Parker and Denise M. Hill -- Conclusion: Game over and rewind / John B. White, Nick J. Watson and Andrew Parker.</subfield>
    </datafield>
    <datafield tag="650" ind1=" " ind2="0">
      <subfield code="a">Sports</subfield>
      <subfield code="x">Religious aspects</subfield>
      <subfield code="x">Christianity.</subfield>
      <subfield code="0">http://id.loc.gov/authorities/subjects/sh2010114562</subfield>
    </datafield>
    <datafield tag="650" ind1=" " ind2="0">
      <subfield code="a">Athletes</subfield>
      <subfield code="x">Religious life.</subfield>
      <subfield code="0">http://id.loc.gov/authorities/subjects/sh2009116139</subfield>
    </datafield>
    <datafield tag="650" ind1=" " ind2="0">
      <subfield code="a">Pastoral theology.</subfield>
      <subfield code="0">http://id.loc.gov/authorities/subjects/sh85098604</subfield>
    </datafield>
    <datafield tag="650" ind1=" " ind2="7">
      <subfield code="a">Athletes</subfield>
      <subfield code="x">Religious life.</subfield>
      <subfield code="2">fast</subfield>
      <subfield code="0">(OCoLC)fst00820066</subfield>
    </datafield>
    <datafield tag="650" ind1=" " ind2="7">
      <subfield code="a">Pastoral theology.</subfield>
      <subfield code="2">fast</subfield>
      <subfield code="0">(OCoLC)fst01054694</subfield>
    </datafield>
    <datafield tag="650" ind1=" " ind2="7">
      <subfield code="a">Sports</subfield>
      <subfield code="x">Religious aspects</subfield>
      <subfield code="x">Christianity.</subfield>
      <subfield code="2">fast</subfield>
      <subfield code="0">(OCoLC)fst01130512</subfield>
    </datafield>
    <datafield tag="700" ind1="1" ind2=" ">
      <subfield code="a">Parker, Andrew,</subfield>
      <subfield code="d">1965-</subfield>
      <subfield code="e">editor.</subfield>
      <subfield code="0">http://id.loc.gov/authorities/names/no2009137310</subfield>
    </datafield>
    <datafield tag="700" ind1="1" ind2=" ">
      <subfield code="a">Watson, Nick J.,</subfield>
      <subfield code="e">editor.</subfield>
      <subfield code="0">http://id.loc.gov/authorities/names/n2012026960</subfield>
    </datafield>
    <datafield tag="700" ind1="1" ind2=" ">
      <subfield code="a">White, John B.,</subfield>
      <subfield code="d">1967-</subfield>
      <subfield code="e">editor.</subfield>
      <subfield code="0">http://id.loc.gov/authorities/names/n2015058187</subfield>
    </datafield>
    <datafield tag="852" ind1="0" ind2=" ">
      <subfield code="b">f</subfield>
      <subfield code="h">GV706.42</subfield>
      <subfield code="i">.S678 2016</subfield>
    </datafield>
    <datafield tag="852" ind1="0" ind2=" ">
      <subfield code="b">firestone</subfield>
      <subfield code="c">stacks</subfield>
      <subfield code="h">GV706.42</subfield>
      <subfield code="i">.S678 2016</subfield>
      <subfield code="8">22644347400006421</subfield>
    </datafield>
  </record>