
  <record>
    <leader>03126dam a2200553 a 4500</leader>
    <controlfield tag="005">20201008000552.0</controlfield>
    <controlfield tag="008">111215s2012    nyu      b    000 0 eng  </controlfield>
    <controlfield tag="001">9999389093506421</controlfield>
    <datafield tag="010" ind1=" " ind2=" ">
      <subfield code="a">  2011050914</subfield>
    </datafield>
    <datafield tag="019" ind1=" " ind2=" ">
      <subfield code="a">774913188</subfield>
      <subfield code="a">808598547</subfield>
      <subfield code="a">840561575</subfield>
    </datafield>
    <datafield tag="020" ind1=" " ind2=" ">
      <subfield code="a">9780425245439</subfield>
    </datafield>
    <datafield tag="020" ind1=" " ind2=" ">
      <subfield code="a">0425245438</subfield>
    </datafield>
    <datafield tag="035" ind1=" " ind2=" ">
      <subfield code="a">(OCoLC)ocn727703168</subfield>
    </datafield>
    <datafield tag="035" ind1=" " ind2=" ">
      <subfield code="a">(OCoLC)727703168</subfield>
      <subfield code="z">(OCoLC)774913188</subfield>
      <subfield code="z">(OCoLC)808598547</subfield>
      <subfield code="z">(OCoLC)840561575</subfield>
    </datafield>
    <datafield tag="035" ind1=" " ind2=" ">
      <subfield code="a">9938909</subfield>
    </datafield>
    <datafield tag="035" ind1=" " ind2=" ">
      <subfield code="a">(NjP)9938909-princetondb</subfield>
    </datafield>
    <datafield tag="035" ind1=" " ind2=" ">
      <subfield code="z">(OCoLC)774913188</subfield>
      <subfield code="z">(OCoLC)808598547</subfield>
      <subfield code="z">(OCoLC)840561575</subfield>
    </datafield>
    <datafield tag="040" ind1=" " ind2=" ">
      <subfield code="a">DLC</subfield>
      <subfield code="b">eng</subfield>
      <subfield code="c">DLC</subfield>
      <subfield code="d">BTCTA</subfield>
      <subfield code="d">BDX</subfield>
      <subfield code="d">UIB</subfield>
      <subfield code="d">OCLCO</subfield>
      <subfield code="d">YDXCP</subfield>
      <subfield code="d">CDX</subfield>
      <subfield code="d">YBM</subfield>
      <subfield code="d">JQM</subfield>
      <subfield code="d">VET</subfield>
      <subfield code="d">FYQ</subfield>
      <subfield code="d">OCLCF</subfield>
      <subfield code="d">OCLCO</subfield>
      <subfield code="d">OCLCQ</subfield>
    </datafield>
    <datafield tag="042" ind1=" " ind2=" ">
      <subfield code="a">pcc</subfield>
    </datafield>
    <datafield tag="050" ind1="0" ind2="0">
      <subfield code="a">GV706.4</subfield>
      <subfield code="b">.E34 2012</subfield>
    </datafield>
    <datafield tag="060" ind1=" " ind2="4">
      <subfield code="a">QT 260</subfield>
      <subfield code="b">E23L 2012</subfield>
    </datafield>
    <datafield tag="082" ind1="0" ind2="0">
      <subfield code="a">796.01</subfield>
      <subfield code="2">23</subfield>
    </datafield>
    <datafield tag="100" ind1="1" ind2=" ">
      <subfield code="a">Edgette, Janet Sasson.</subfield>
      <subfield code="0">http://id.loc.gov/authorities/names/n94078654</subfield>
    </datafield>
    <datafield tag="245" ind1="1" ind2="4">
      <subfield code="a">The last boys picked :</subfield>
      <subfield code="b">helping boys who don't play sports survive bullies and boyhood /</subfield>
      <subfield code="c">Janet Sasson Edgette ; with Beth Margolis Rupp.</subfield>
    </datafield>
    <datafield tag="260" ind1=" " ind2=" ">
      <subfield code="a">New York :</subfield>
      <subfield code="b">Berkley Books,</subfield>
      <subfield code="c">2012.</subfield>
    </datafield>
    <datafield tag="300" ind1=" " ind2=" ">
      <subfield code="a">xix, 281 pages ;</subfield>
      <subfield code="c">22 cm</subfield>
    </datafield>
    <datafield tag="336" ind1=" " ind2=" ">
      <subfield code="a">text</subfield>
      <subfield code="b">txt</subfield>
      <subfield code="2">rdacontent</subfield>
    </datafield>
    <datafield tag="337" ind1=" " ind2=" ">
      <subfield code="a">unmediated</subfield>
      <subfield code="b">n</subfield>
      <subfield code="2">rdamedia</subfield>
    </datafield>
    <datafield tag="338" ind1=" " ind2=" ">
      <subfield code="a">volume</subfield>
      <subfield code="b">nc</subfield>
      <subfield code="2">rdacarrier</subfield>
    </datafield>
    <datafield tag="504" ind1=" " ind2=" ">
      <subfield code="a">Includes bibliographical references (pages 275-281).</subfield>
    </datafield>
    <datafield tag="505" ind1="0" ind2=" ">
      <subfield code="a">Living in dread of phys ed -- What kind of boy doesn't like to play sports? -- The role of sports in boys' lives -- Fake it, make it-or break -- The dangers of romanticized masculinity -- Boys in straight jackets -- We need a different type of warrior -- Family matters -- Everyone loses when anyone loses -- Becoming effective agents of change.</subfield>
    </datafield>
    <datafield tag="520" ind1=" " ind2=" ">
      <subfield code="a">Provides parents, teachers, coaches and other caregivers with empowering instructions for helping children, particularly boys who aren't interested in sports, navigate the social and emotional trials they face on the playground and help them increase self-esteem and resilience.</subfield>
    </datafield>
    <datafield tag="650" ind1=" " ind2="0">
      <subfield code="a">Sports</subfield>
      <subfield code="x">Psychological aspects.</subfield>
      <subfield code="0">http://id.loc.gov/authorities/subjects/sh85126899</subfield>
    </datafield>
    <datafield tag="650" ind1=" " ind2="0">
      <subfield code="a">Boys</subfield>
      <subfield code="x">Psychology.</subfield>
      <subfield code="0">http://id.loc.gov/authorities/subjects/sh2008008748</subfield>
    </datafield>
    <datafield tag="650" ind1=" " ind2="0">
      <subfield code="a">Masculinity.</subfield>
      <subfield code="0">http://id.loc.gov/authorities/subjects/sh85081797</subfield>
    </datafield>
    <datafield tag="650" ind1=" " ind2="0">
      <subfield code="a">Sports for children</subfield>
      <subfield code="x">Psychological aspects.</subfield>
      <subfield code="0">http://id.loc.gov/authorities/subjects/sh2010114534</subfield>
    </datafield>
    <datafield tag="650" ind1=" " ind2="0">
      <subfield code="a">Physical education for children</subfield>
      <subfield code="x">Psychological aspects.</subfield>
    </datafield>
    <datafield tag="650" ind1=" " ind2="0">
      <subfield code="a">Athletic ability</subfield>
      <subfield code="x">Psychological aspects.</subfield>
    </datafield>
    <datafield tag="650" ind1=" " ind2="2">
      <subfield code="a">Athletic Performance</subfield>
      <subfield code="x">psychology.</subfield>
    </datafield>
    <datafield tag="650" ind1=" " ind2="2">
      <subfield code="a">Child.</subfield>
    </datafield>
    <datafield tag="650" ind1=" " ind2="2">
      <subfield code="a">Masculinity.</subfield>
      <subfield code="0">http://id.loc.gov/authorities/subjects/sh85081797</subfield>
    </datafield>
    <datafield tag="650" ind1=" " ind2="2">
      <subfield code="a">Sports</subfield>
      <subfield code="x">psychology.</subfield>
    </datafield>
    <datafield tag="650" ind1=" " ind2="7">
      <subfield code="a">Athletic ability</subfield>
      <subfield code="x">Psychological aspects.</subfield>
      <subfield code="2">fast</subfield>
      <subfield code="0">(OCoLC)fst00820089</subfield>
    </datafield>
    <datafield tag="650" ind1=" " ind2="7">
      <subfield code="a">Boys</subfield>
      <subfield code="x">Psychology.</subfield>
      <subfield code="2">fast</subfield>
      <subfield code="0">(OCoLC)fst00837382</subfield>
    </datafield>
    <datafield tag="650" ind1=" " ind2="7">
      <subfield code="a">Masculinity.</subfield>
      <subfield code="2">fast</subfield>
      <subfield code="0">(OCoLC)fst01011027</subfield>
    </datafield>
    <datafield tag="650" ind1=" " ind2="7">
      <subfield code="a">Physical education for children</subfield>
      <subfield code="x">Psychological aspects.</subfield>
      <subfield code="2">fast</subfield>
      <subfield code="0">(OCoLC)fst01062496</subfield>
    </datafield>
    <datafield tag="650" ind1=" " ind2="7">
      <subfield code="a">Sports for children</subfield>
      <subfield code="x">Psychological aspects.</subfield>
      <subfield code="2">fast</subfield>
      <subfield code="0">(OCoLC)fst01130634</subfield>
    </datafield>
    <datafield tag="650" ind1=" " ind2="7">
      <subfield code="a">Sports</subfield>
      <subfield code="x">Psychological aspects.</subfield>
      <subfield code="2">fast</subfield>
      <subfield code="0">(OCoLC)fst01130495</subfield>
    </datafield>
    <datafield tag="700" ind1="1" ind2=" ">
      <subfield code="a">Rupp, Beth Margolis.</subfield>
      <subfield code="0">http://id.loc.gov/authorities/names/n2011086468</subfield>
    </datafield>
    <datafield tag="852" ind1="0" ind2=" ">
      <subfield code="b">firestone</subfield>
      <subfield code="c">stacks</subfield>
      <subfield code="h">GV706.4</subfield>
      <subfield code="i">.E34 2012</subfield>
      <subfield code="8">22591736480006421</subfield>
    </datafield>
  </record>