
  <record>
    <leader>03011dam a2200457 i 4500</leader>
    <controlfield tag="005">20201008125903.0</controlfield>
    <controlfield tag="008">161014t20162016ncua          001 0 eng  </controlfield>
    <controlfield tag="001">99100339673506421</controlfield>
    <datafield tag="010" ind1=" " ind2=" ">
      <subfield code="a">  2016042283</subfield>
    </datafield>
    <datafield tag="020" ind1=" " ind2=" ">
      <subfield code="a">9781476666792</subfield>
      <subfield code="q">(softcover ;</subfield>
      <subfield code="q">alk. paper)</subfield>
    </datafield>
    <datafield tag="020" ind1=" " ind2=" ">
      <subfield code="a">1476666792</subfield>
      <subfield code="q">(softcover ;</subfield>
      <subfield code="q">alk. paper)</subfield>
    </datafield>
    <datafield tag="020" ind1=" " ind2=" ">
      <subfield code="z">9781476627304</subfield>
      <subfield code="q">(ebook)</subfield>
    </datafield>
    <datafield tag="035" ind1=" " ind2=" ">
      <subfield code="a">(OCoLC)951509671</subfield>
      <subfield code="z">(OCoLC)951032600</subfield>
    </datafield>
    <datafield tag="035" ind1=" " ind2=" ">
      <subfield code="a">(OCoLC)ocn951509671</subfield>
    </datafield>
    <datafield tag="035" ind1=" " ind2=" ">
      <subfield code="a">10033967</subfield>
    </datafield>
    <datafield tag="035" ind1=" " ind2=" ">
      <subfield code="a">(NjP)10033967-princetondb</subfield>
    </datafield>
    <datafield tag="040" ind1=" " ind2=" ">
      <subfield code="a">DLC</subfield>
      <subfield code="b">eng</subfield>
      <subfield code="e">rda</subfield>
      <subfield code="c">DLC</subfield>
      <subfield code="d">BTCTA</subfield>
      <subfield code="d">YDXCP</subfield>
      <subfield code="d">OCLCO</subfield>
    </datafield>
    <datafield tag="042" ind1=" " ind2=" ">
      <subfield code="a">pcc</subfield>
    </datafield>
    <datafield tag="043" ind1=" " ind2=" ">
      <subfield code="a">n-us---</subfield>
      <subfield code="a">n-cn---</subfield>
    </datafield>
    <datafield tag="050" ind1="0" ind2="0">
      <subfield code="a">GV715</subfield>
      <subfield code="b">.P43 2016</subfield>
    </datafield>
    <datafield tag="082" ind1="0" ind2="0">
      <subfield code="a">306.4/83</subfield>
      <subfield code="2">23</subfield>
    </datafield>
    <datafield tag="100" ind1="1" ind2=" ">
      <subfield code="a">Pearson, Greg,</subfield>
      <subfield code="d">1954-</subfield>
      <subfield code="e">author.</subfield>
      <subfield code="0">http://id.loc.gov/authorities/names/n2016058733</subfield>
    </datafield>
    <datafield tag="245" ind1="1" ind2="0">
      <subfield code="a">Maybe next year :</subfield>
      <subfield code="b">long-suffering sports fans and the teams that never deliver /</subfield>
      <subfield code="c">Greg Pearson.</subfield>
    </datafield>
    <datafield tag="264" ind1=" " ind2="1">
      <subfield code="a">Jefferson, North Carolina :</subfield>
      <subfield code="b">McFarland &amp; Company, Inc., Publishers,</subfield>
      <subfield code="c">[2016]</subfield>
    </datafield>
    <datafield tag="264" ind1=" " ind2="4">
      <subfield code="c">©2016</subfield>
    </datafield>
    <datafield tag="300" ind1=" " ind2=" ">
      <subfield code="a">x, 252 pages :</subfield>
      <subfield code="b">illustrations ;</subfield>
      <subfield code="c">23 cm</subfield>
    </datafield>
    <datafield tag="336" ind1=" " ind2=" ">
      <subfield code="a">text</subfield>
      <subfield code="b">txt</subfield>
      <subfield code="2">rdacontent</subfield>
    </datafield>
    <datafield tag="337" ind1=" " ind2=" ">
      <subfield code="a">unmediated</subfield>
      <subfield code="b">n</subfield>
      <subfield code="2">rdamedia</subfield>
    </datafield>
    <datafield tag="338" ind1=" " ind2=" ">
      <subfield code="a">volume</subfield>
      <subfield code="b">nc</subfield>
      <subfield code="2">rdacarrier</subfield>
    </datafield>
    <datafield tag="500" ind1=" " ind2=" ">
      <subfield code="a">Includes index.</subfield>
    </datafield>
    <datafield tag="505" ind1="0" ind2=" ">
      <subfield code="a">Of Wrigley Field and Billy Goats : The Chicago Cubs -- 0 for 4 : The Buffalo Bills -- Brew City Blues : The Milwaukee Brewers -- Honolulu Blue, Sweat and Tears : The Detroit Lions -- Frozen Passion : The Toronto Maple Leafs -- In the Valley of the Suns : The Phoenix Suns -- J-E-T-S : The New York Jets -- Rocky Mountain Not-So-High : The Denver Nuggets -- Pain on Ice : The Vancouver Canucks -- The Wildside : The Northwestern Wildcats -- Fly Eagles Fly : The Philadelphia Eagles -- Number 19 : The San Diego Padres -- Family Ties : The Kansas City Chiefs -- More Cowbell : The Mississippi State Bulldogs -- Land of Snow and Dreams : The Minnesota Vikings -- Here We Stay : The Sacramento Kings -- Hot Summer Nights : The Texas Rangers -- The Ones That Got Away : The Atlanta Hawks -- Showing Their Stripes : The Cincinnati Bengals -- Shooting Stars : The Houston Astros -- Cleveland Rocks : The Cleveland Browns, Etc. -- Emerald City Ennui : The Seattle Mariners -- New York State of Mind : The New York Knicks -- Very Superstitious : Fans Do All They Can.</subfield>
    </datafield>
    <datafield tag="520" ind1=" " ind2=" ">
      <subfield code="a">"Sports fans are a devoted bunch, win or lose. What is it that keeps them going? This book features more than 100 loyal followers of 23 teams who explain their reasons for never giving up. They tell stories of devotion and determination. For these fans, optimism outweighs disappointment"--</subfield>
      <subfield code="c">Provided by publisher.</subfield>
    </datafield>
    <datafield tag="650" ind1=" " ind2="0">
      <subfield code="a">Sports spectators</subfield>
      <subfield code="z">United States.</subfield>
    </datafield>
    <datafield tag="650" ind1=" " ind2="0">
      <subfield code="a">Sports spectators</subfield>
      <subfield code="z">Canada.</subfield>
    </datafield>
    <datafield tag="650" ind1=" " ind2="0">
      <subfield code="a">Sports spectators</subfield>
      <subfield code="x">Psychology.</subfield>
    </datafield>
    <datafield tag="650" ind1=" " ind2="0">
      <subfield code="a">Sports spectators</subfield>
      <subfield code="x">Attitudes.</subfield>
    </datafield>
    <datafield tag="650" ind1=" " ind2="0">
      <subfield code="a">Sports teams</subfield>
      <subfield code="z">United States.</subfield>
    </datafield>
    <datafield tag="650" ind1=" " ind2="0">
      <subfield code="a">Sports teams</subfield>
      <subfield code="z">Canada.</subfield>
    </datafield>
    <datafield tag="650" ind1=" " ind2="0">
      <subfield code="a">Sports</subfield>
      <subfield code="x">Sociological aspects.</subfield>
      <subfield code="0">http://id.loc.gov/authorities/subjects/sh89006507</subfield>
    </datafield>
    <datafield tag="852" ind1="0" ind2=" ">
      <subfield code="b">dixn</subfield>
      <subfield code="h">GV715</subfield>
      <subfield code="i">.P43 2016</subfield>
    </datafield>
    <datafield tag="852" ind1="0" ind2=" ">
      <subfield code="b">firestone</subfield>
      <subfield code="c">stacks</subfield>
      <subfield code="h">GV715</subfield>
      <subfield code="i">.P43 2016</subfield>
      <subfield code="8">22703439900006421</subfield>
    </datafield>
  </record>