
  <record>
    <leader>01923dam a2200469Ii 4500</leader>
    <controlfield tag="005">20201008141216.0</controlfield>
    <controlfield tag="008">170120t20172017gw a     b    100 0 ger d</controlfield>
    <controlfield tag="001">99100906283506421</controlfield>
    <datafield tag="016" ind1="7" ind2=" ">
      <subfield code="a">1112082042</subfield>
      <subfield code="2">GyFmDB</subfield>
    </datafield>
    <datafield tag="020" ind1=" " ind2=" ">
      <subfield code="a">9783658135874</subfield>
      <subfield code="q">(paperback ;</subfield>
      <subfield code="q">alkaline paper)</subfield>
    </datafield>
    <datafield tag="020" ind1=" " ind2=" ">
      <subfield code="a">3658135875</subfield>
      <subfield code="q">(paperback ;</subfield>
      <subfield code="q">alkaline paper)</subfield>
    </datafield>
    <datafield tag="020" ind1=" " ind2=" ">
      <subfield code="a">9783658135881</subfield>
      <subfield code="q">(ebook)</subfield>
    </datafield>
    <datafield tag="020" ind1=" " ind2=" ">
      <subfield code="a">3658135883</subfield>
      <subfield code="q">(ebook)</subfield>
    </datafield>
    <datafield tag="024" ind1="3" ind2=" ">
      <subfield code="a">9783658135874</subfield>
    </datafield>
    <datafield tag="035" ind1=" " ind2=" ">
      <subfield code="a">(OCoLC)ocn967964095</subfield>
    </datafield>
    <datafield tag="035" ind1=" " ind2=" ">
      <subfield code="a">(OCoLC)967964095</subfield>
    </datafield>
    <datafield tag="035" ind1=" " ind2=" ">
      <subfield code="a">(GyWOH)har160479339</subfield>
    </datafield>
    <datafield tag="035" ind1=" " ind2=" ">
      <subfield code="a">10090628</subfield>
    </datafield>
    <datafield tag="035" ind1=" " ind2=" ">
      <subfield code="a">(NjP)10090628-princetondb</subfield>
    </datafield>
    <datafield tag="040" ind1=" " ind2=" ">
      <subfield code="a">OHX</subfield>
      <subfield code="b">eng</subfield>
      <subfield code="e">rda</subfield>
      <subfield code="c">OHX</subfield>
      <subfield code="d">INU</subfield>
    </datafield>
    <datafield tag="049" ind1=" " ind2=" ">
      <subfield code="a">PULL</subfield>
    </datafield>
    <datafield tag="050" ind1=" " ind2="4">
      <subfield code="a">GV742</subfield>
      <subfield code="b">.S65 2015</subfield>
    </datafield>
    <datafield tag="072" ind1=" " ind2="7">
      <subfield code="a">PN</subfield>
      <subfield code="2">lcco</subfield>
    </datafield>
    <datafield tag="072" ind1=" " ind2="7">
      <subfield code="a">GV</subfield>
      <subfield code="2">lcco</subfield>
    </datafield>
    <datafield tag="111" ind1="2" ind2=" ">
      <subfield code="a">Social Media and Sports Day</subfield>
      <subfield code="n">(1st :</subfield>
      <subfield code="d">2015 :</subfield>
      <subfield code="c">Universität Tübingen)</subfield>
      <subfield code="0">http://id.loc.gov/authorities/names/no2017015512</subfield>
    </datafield>
    <datafield tag="245" ind1="1" ind2="4">
      <subfield code="a">Der Einsatz sozialer Medien im Sport :</subfield>
      <subfield code="b">Gestaltung, Vermarktung, Monetarisierung /</subfield>
      <subfield code="c">Christoph G. Grimmer (Hrsg.).</subfield>
    </datafield>
    <datafield tag="260" ind1=" " ind2=" ">
      <subfield code="a">Wiesbaden :</subfield>
      <subfield code="b">Springer VS,</subfield>
      <subfield code="c">[2017].</subfield>
    </datafield>
    <datafield tag="300" ind1=" " ind2=" ">
      <subfield code="a">x, 276 pages :</subfield>
      <subfield code="b">illustrations (some color) ;</subfield>
      <subfield code="c">21 cm</subfield>
    </datafield>
    <datafield tag="336" ind1=" " ind2=" ">
      <subfield code="a">text</subfield>
      <subfield code="b">txt</subfield>
      <subfield code="2">rdacontent</subfield>
    </datafield>
    <datafield tag="336" ind1=" " ind2=" ">
      <subfield code="a">still image</subfield>
      <subfield code="b">sti</subfield>
      <subfield code="2">rdacontent</subfield>
    </datafield>
    <datafield tag="337" ind1=" " ind2=" ">
      <subfield code="a">unmediated</subfield>
      <subfield code="b">n</subfield>
      <subfield code="2">rdamedia</subfield>
    </datafield>
    <datafield tag="338" ind1=" " ind2=" ">
      <subfield code="a">volume</subfield>
      <subfield code="b">nc</subfield>
      <subfield code="2">rdacarrier</subfield>
    </datafield>
    <datafield tag="500" ind1=" " ind2=" ">
      <subfield code="a">Proceedings of the Social Media and Sports Day, held in May 2015 at the Institut für Sportwissenschaft of the Universität Tübingen.</subfield>
    </datafield>
    <datafield tag="504" ind1=" " ind2=" ">
      <subfield code="a">Includes bibliographical references.</subfield>
    </datafield>
    <datafield tag="650" ind1=" " ind2="0">
      <subfield code="a">Mass media and sports</subfield>
      <subfield code="v">Congresses.</subfield>
    </datafield>
    <datafield tag="650" ind1=" " ind2="0">
      <subfield code="a">Social media</subfield>
      <subfield code="v">Congresses.</subfield>
    </datafield>
    <datafield tag="650" ind1=" " ind2="0">
      <subfield code="a">Communication in sports</subfield>
      <subfield code="v">Congresses.</subfield>
    </datafield>
    <datafield tag="650" ind1=" " ind2="0">
      <subfield code="a">Sports</subfield>
      <subfield code="x">Social aspects</subfield>
      <subfield code="v">Congresses.</subfield>
      <subfield code="0">http://id.loc.gov/authorities/subjects/sh2010114561</subfield>
    </datafield>
    <datafield tag="700" ind1="1" ind2=" ">
      <subfield code="a">Grimmer, Christoph G.,</subfield>
      <subfield code="e">editor.</subfield>
      <subfield code="0">http://id.loc.gov/authorities/names/n2015061145</subfield>
    </datafield>
    <datafield tag="776" ind1="0" ind2=" ">
      <subfield code="w">(GyWOH)har160688264</subfield>
      <subfield code="z">9783658135881</subfield>
    </datafield>
    <datafield tag="852" ind1="0" ind2=" ">
      <subfield code="b">firestone</subfield>
      <subfield code="c">stacks</subfield>
      <subfield code="h">GV742</subfield>
      <subfield code="i">.S65 2015</subfield>
      <subfield code="8">22701705770006421</subfield>
    </datafield>
  </record>