
  <record>
    <leader>04205dam a2200409Mi 4500</leader>
    <controlfield tag="005">20201008132959.0</controlfield>
    <controlfield tag="008">170203s2016    gw            000 0 ger d</controlfield>
    <controlfield tag="001">99101326183506421</controlfield>
    <datafield tag="035" ind1=" " ind2=" ">
      <subfield code="a">(OCoLC)ocn969726784</subfield>
    </datafield>
    <datafield tag="035" ind1=" " ind2=" ">
      <subfield code="a">(GyWOH)har160215992</subfield>
    </datafield>
    <datafield tag="035" ind1=" " ind2=" ">
      <subfield code="a">10132618</subfield>
    </datafield>
    <datafield tag="035" ind1=" " ind2=" ">
      <subfield code="a">(OCoLC)969726784</subfield>
    </datafield>
    <datafield tag="035" ind1=" " ind2=" ">
      <subfield code="a">(NjP)10132618-princetondb</subfield>
    </datafield>
    <datafield tag="040" ind1=" " ind2=" ">
      <subfield code="a">OHX</subfield>
      <subfield code="b">eng</subfield>
      <subfield code="c">OHX</subfield>
      <subfield code="d">OCLCO</subfield>
      <subfield code="d">HLS</subfield>
      <subfield code="d">STF</subfield>
      <subfield code="d">NjP</subfield>
    </datafield>
    <datafield tag="020" ind1=" " ind2=" ">
      <subfield code="a">9783837636109</subfield>
      <subfield code="q">(pbk.)</subfield>
    </datafield>
    <datafield tag="020" ind1=" " ind2=" ">
      <subfield code="a">3837636100</subfield>
      <subfield code="q">(pbk.)</subfield>
    </datafield>
    <datafield tag="020" ind1=" " ind2=" ">
      <subfield code="z">9783839436103 (online)</subfield>
    </datafield>
    <datafield tag="024" ind1="3" ind2=" ">
      <subfield code="a">9783837636109</subfield>
    </datafield>
    <datafield tag="050" ind1=" " ind2="4">
      <subfield code="a">GV745</subfield>
      <subfield code="b">.P67 2016</subfield>
    </datafield>
    <datafield tag="072" ind1=" " ind2="7">
      <subfield code="a">T</subfield>
      <subfield code="2">lcco</subfield>
    </datafield>
    <datafield tag="072" ind1=" " ind2="7">
      <subfield code="a">GV</subfield>
      <subfield code="2">lcco</subfield>
    </datafield>
    <datafield tag="100" ind1="1" ind2=" ">
      <subfield code="a">Poser, Stefan,</subfield>
      <subfield code="d">1963-</subfield>
      <subfield code="e">author.</subfield>
      <subfield code="0">http://id.loc.gov/authorities/names/n2002010493</subfield>
    </datafield>
    <datafield tag="245" ind1="1" ind2="0">
      <subfield code="a">Glücksmaschinen und Maschinenglück :</subfield>
      <subfield code="b">Grundlagen einer Technik- und Kulturgeschichte des technisierten Spiels /</subfield>
      <subfield code="c">Stefan Poser.</subfield>
    </datafield>
    <datafield tag="260" ind1=" " ind2=" ">
      <subfield code="a">Bielefeld :</subfield>
      <subfield code="b">Transcript,</subfield>
      <subfield code="c">[2016].</subfield>
    </datafield>
    <datafield tag="300" ind1=" " ind2=" ">
      <subfield code="a">401 pages :</subfield>
      <subfield code="b">20 illustrations ;</subfield>
      <subfield code="c">23 cm.</subfield>
    </datafield>
    <datafield tag="490" ind1="1" ind2=" ">
      <subfield code="a">Histoire (Transcript (Firm)) ;</subfield>
      <subfield code="v">Band 100</subfield>
    </datafield>
    <datafield tag="504" ind1=" " ind2=" ">
      <subfield code="a">Includes bibliographical references.</subfield>
    </datafield>
    <datafield tag="505" ind1="0" ind2="0">
      <subfield code="g">Vorwort --</subfield>
      <subfield code="t">Zugang zum Thema --</subfield>
      <subfield code="t">Historischer Zugang --</subfield>
      <subfield code="t">Verortung in den Geschichtswissenschaften --</subfield>
      <subfield code="t">Zur Vorgehensweise --</subfield>
      <subfield code="t">Forschungsstand --</subfield>
      <subfield code="t">Begrifflichkeit --</subfield>
      <subfield code="t">Technik --</subfield>
      <subfield code="t">Spiel --</subfield>
      <subfield code="t">Spiel, Sport und Technik --</subfield>
      <subfield code="t">Technisierung des Sports --</subfield>
      <subfield code="t">Sport und Spiel --</subfield>
      <subfield code="t">Fallbeispiel : Rudern in Sportbooten --</subfield>
      <subfield code="t">Rudern wird zum Sport --</subfield>
      <subfield code="t">Technische Entwicklung von Rudersport-Booten --</subfield>
      <subfield code="t">Innovationen und Technologietransfer --</subfield>
      <subfield code="t">Rudern als Sportspiel --</subfield>
      <subfield code="t">Umgang der Akteure mit dem technischen Gerät --</subfield>
      <subfield code="t">Rudern und Industrialisierung : die Perspektiven der Akteure --</subfield>
      <subfield code="t">Rudern : Ergebnisse --</subfield>
      <subfield code="t">Fallbeispiel : Schwimmen und Schwimmbäder --</subfield>
      <subfield code="t">Das Spiel im Wasser und sein technisches 'Gehäuse' --</subfield>
      <subfield code="t">Bädertechnik und Technologietransfer --</subfield>
      <subfield code="t">Bäder, Freizeitgestaltung und Spiel --</subfield>
      <subfield code="t">Technik für das Spiel : die Perspektiven der Akteure --</subfield>
      <subfield code="t">Schwimmen und Bäder : Ergebnisse --</subfield>
      <subfield code="t">Jahrmärkte und Vergnügungsparks --</subfield>
      <subfield code="t">Jahrmarktstechnik --</subfield>
      <subfield code="t">Jahrmarktsspiele --</subfield>
      <subfield code="t">Fallbeispiel : Thrill rides --</subfield>
      <subfield code="t">Technikgeschichte von Rutschen, Loopings und Achterbahnen --</subfield>
      <subfield code="t">Technische Entwicklung und Technologietransfers --</subfield>
      <subfield code="t">Spiel --</subfield>
      <subfield code="t">Technik für das Spiel : die Perspektiven der Akteure --</subfield>
      <subfield code="t">Rutschen, Loopings und Achterbahnen : Ergebnisse --</subfield>
      <subfield code="t">Fallbeispiel : Selbstfahrgeschäfte --</subfield>
      <subfield code="t">Technikgeschichte von Autoskootern und Jahrmarktsautobahnen --</subfield>
      <subfield code="t">Technische Entwicklung --</subfield>
      <subfield code="t">Spiel --</subfield>
      <subfield code="t">Technik für das Spiel : die Perspektiven der Akteure --</subfield>
      <subfield code="t">Autoskooter und Jahrmarktsautobahnen : Ergebnisse --</subfield>
      <subfield code="t">Technisches Spielzeug --</subfield>
      <subfield code="t">Technisierung des Spielzeugs --</subfield>
      <subfield code="t">Formen des Spiels --</subfield>
      <subfield code="t">Fallbeispiel : Modelleisenbahnen --</subfield>
      <subfield code="t">Technikgeschichte von Modelleisenbahnen --</subfield>
      <subfield code="t">Genese eines Publikationsfeldes und Institutionalisierung --</subfield>
      <subfield code="t">Modellbahntechnik und Technologietransfer --</subfield>
      <subfield code="t">Universitäre Modelleisenbahnen --</subfield>
      <subfield code="t">Modellbahnspiele --</subfield>
      <subfield code="t">Modellbahnsport --</subfield>
      <subfield code="t">Modelleisenbahnen und Technik : die Perspektiven der Akteure --</subfield>
      <subfield code="t">Modelleisenbahnen : Ergebnisse --</subfield>
      <subfield code="t">Spiel mit Technik : systematische Ergebnisse und Perspektiven --</subfield>
      <subfield code="t">Strukturen technisierter Spiele --</subfield>
      <subfield code="t">Zeitgebundenheit --</subfield>
      <subfield code="t">Spielentwicklung im Raster historischer Perioden --</subfield>
      <subfield code="t">Generationsspezifische und generationsformende Spiele --</subfield>
      <subfield code="t">Technische Entwicklungen für Spielzwecke --</subfield>
      <subfield code="t">Gemeinsamkeiten unterschiedlicher Spiele --</subfield>
      <subfield code="t">Gesellschaftliche Relevanz des Spiels mit Technik --</subfield>
      <subfield code="t">Weiterführende Fragestellungen --</subfield>
      <subfield code="t">Materialien und Innovationen --</subfield>
      <subfield code="t">Spiel und Arbeit --</subfield>
      <subfield code="t">Genderforschung --</subfield>
      <subfield code="t">Transnationale Geschichte --</subfield>
      <subfield code="t">Räume und Infrastrukturen des technisierten Spiels --</subfield>
      <subfield code="t">Turn to Play? --</subfield>
      <subfield code="g">Anhang --</subfield>
      <subfield code="g">Archivalien --</subfield>
      <subfield code="g">Patentschriften und Gebrauchsmusterschutzbriefe --</subfield>
      <subfield code="g">Bibliographie --</subfield>
      <subfield code="g">Abbildungsverzeichnis.</subfield>
    </datafield>
    <datafield tag="650" ind1=" " ind2="0">
      <subfield code="a">Sports</subfield>
      <subfield code="x">Technological innovations.</subfield>
    </datafield>
    <datafield tag="650" ind1=" " ind2="0">
      <subfield code="a">Games</subfield>
      <subfield code="x">Technological innovations.</subfield>
    </datafield>
    <datafield tag="650" ind1=" " ind2="0">
      <subfield code="a">Sports</subfield>
      <subfield code="x">Technological innovations</subfield>
      <subfield code="v">Case studies.</subfield>
    </datafield>
    <datafield tag="650" ind1=" " ind2="0">
      <subfield code="a">Sporting goods</subfield>
      <subfield code="x">Technological innovations</subfield>
      <subfield code="v">Case studies.</subfield>
    </datafield>
    <datafield tag="650" ind1=" " ind2="0">
      <subfield code="a">Recreation</subfield>
      <subfield code="x">Research</subfield>
      <subfield code="v">Case studies.</subfield>
    </datafield>
    <datafield tag="655" ind1=" " ind2="7">
      <subfield code="a">Case studies.</subfield>
      <subfield code="2">lcgft</subfield>
      <subfield code="0">http://id.loc.gov/authorities/genreForms/gf2017026140</subfield>
    </datafield>
    <datafield tag="830" ind1=" " ind2="0">
      <subfield code="a">Histoire (Transcript (Firm)) ;</subfield>
      <subfield code="v">Band 100.</subfield>
    </datafield>
    <datafield tag="852" ind1="0" ind2=" ">
      <subfield code="b">firestone</subfield>
      <subfield code="c">stacks</subfield>
      <subfield code="h">GV745</subfield>
      <subfield code="i">.P67 2016</subfield>
      <subfield code="8">22565286540006421</subfield>
    </datafield>
  </record>