
  <record>
    <leader>02725dam a2200409 i 4500</leader>
    <controlfield tag="005">20201008134555.0</controlfield>
    <controlfield tag="008">161230t20172017ncua     b    001 0beng  </controlfield>
    <controlfield tag="001">99101443143506421</controlfield>
    <datafield tag="010" ind1=" " ind2=" ">
      <subfield code="a">  2016057893</subfield>
    </datafield>
    <datafield tag="020" ind1=" " ind2=" ">
      <subfield code="a">9781476665351</subfield>
      <subfield code="q">(softcover ;</subfield>
      <subfield code="q">alk. paper)</subfield>
    </datafield>
    <datafield tag="020" ind1=" " ind2=" ">
      <subfield code="a">1476665354</subfield>
      <subfield code="q">(softcover ;</subfield>
      <subfield code="q">alk. paper)</subfield>
    </datafield>
    <datafield tag="020" ind1=" " ind2=" ">
      <subfield code="z">9781476625836</subfield>
      <subfield code="q">(ebook)</subfield>
    </datafield>
    <datafield tag="035" ind1=" " ind2=" ">
      <subfield code="a">(OCoLC)971333343</subfield>
    </datafield>
    <datafield tag="035" ind1=" " ind2=" ">
      <subfield code="a">(OCoLC)ocn971333343</subfield>
    </datafield>
    <datafield tag="035" ind1=" " ind2=" ">
      <subfield code="a">10144314</subfield>
    </datafield>
    <datafield tag="035" ind1=" " ind2=" ">
      <subfield code="a">(NjP)10144314-princetondb</subfield>
    </datafield>
    <datafield tag="040" ind1=" " ind2=" ">
      <subfield code="a">DLC</subfield>
      <subfield code="b">eng</subfield>
      <subfield code="e">rda</subfield>
      <subfield code="c">DLC</subfield>
      <subfield code="d">OCLCO</subfield>
    </datafield>
    <datafield tag="042" ind1=" " ind2=" ">
      <subfield code="a">pcc</subfield>
    </datafield>
    <datafield tag="043" ind1=" " ind2=" ">
      <subfield code="a">n-us---</subfield>
    </datafield>
    <datafield tag="050" ind1="0" ind2="0">
      <subfield code="a">GV865.W496</subfield>
      <subfield code="b">H45 2017</subfield>
    </datafield>
    <datafield tag="082" ind1="0" ind2="0">
      <subfield code="a">796.357092</subfield>
      <subfield code="a">B</subfield>
      <subfield code="2">23</subfield>
    </datafield>
    <datafield tag="100" ind1="1" ind2=" ">
      <subfield code="a">Heller, Dave,</subfield>
      <subfield code="d">1968-</subfield>
      <subfield code="e">author.</subfield>
      <subfield code="0">http://id.loc.gov/authorities/names/n2017004618</subfield>
    </datafield>
    <datafield tag="245" ind1="1" ind2="0">
      <subfield code="a">Ken Williams :</subfield>
      <subfield code="b">a slugger in Ruth's shadow /</subfield>
      <subfield code="c">Dave Heller.</subfield>
    </datafield>
    <datafield tag="264" ind1=" " ind2="1">
      <subfield code="a">Jefferson, North Carolina :</subfield>
      <subfield code="b">McFarland &amp; Company, Inc., Publishers,</subfield>
      <subfield code="c">[2017]</subfield>
    </datafield>
    <datafield tag="264" ind1=" " ind2="4">
      <subfield code="c">©2017</subfield>
    </datafield>
    <datafield tag="300" ind1=" " ind2=" ">
      <subfield code="a">x, 265 pages :</subfield>
      <subfield code="b">illustrations ;</subfield>
      <subfield code="c">26 cm</subfield>
    </datafield>
    <datafield tag="336" ind1=" " ind2=" ">
      <subfield code="a">text</subfield>
      <subfield code="b">txt</subfield>
      <subfield code="2">rdacontent</subfield>
    </datafield>
    <datafield tag="337" ind1=" " ind2=" ">
      <subfield code="a">unmediated</subfield>
      <subfield code="b">n</subfield>
      <subfield code="2">rdamedia</subfield>
    </datafield>
    <datafield tag="338" ind1=" " ind2=" ">
      <subfield code="a">volume</subfield>
      <subfield code="b">nc</subfield>
      <subfield code="2">rdacarrier</subfield>
    </datafield>
    <datafield tag="504" ind1=" " ind2=" ">
      <subfield code="a">Includes bibliographical references (pages 253-262) and index.</subfield>
    </datafield>
    <datafield tag="505" ind1="0" ind2=" ">
      <subfield code="a">Grants Pass and the semi-pro life -- O Canada: the path to pro ball -- Making a name for himself -- A small taste of Cincinnati -- Across the ocean and up the ladder -- The minors, a major war and the big leagues (again) -- Getting established in St. Louis -- Changing style and becoming a top slugger -- "Who makes fans forget about Babe Ruth?" -- Starting the 30-30 club -- Setting career highs amid team strife -- Powered off and back on -- One pitch changes everything -- Battling for playing time -- Goodbye St. Louis, hello ... Boston? -- Winding down a career -- Back to the minors -- The hometown boy returns to Grants Pass - and St. Louis -- Ken Williams's legacy -- Appendix A: career statistics -- Appendix B: home run log -- Appendix C: articles appearing under Williams's Byline.</subfield>
    </datafield>
    <datafield tag="520" ind1=" " ind2=" ">
      <subfield code="a">"Perhaps familiar today as an answer to sports trivia questions, Ken Williams (1890-1959) was once a celebrity who helped bring about a new kind of power baseball in the 1920s. This first ever biography of Williams covers his life and career, from his small town upbringing, to his unlikely foray into pro baseball, to his retirement years"--</subfield>
      <subfield code="c">Provided by publisher.</subfield>
    </datafield>
    <datafield tag="600" ind1="1" ind2="0">
      <subfield code="a">Williams, Kenneth Roy,</subfield>
      <subfield code="d">1890-1959.</subfield>
      <subfield code="0">http://id.loc.gov/authorities/names/n2017004608</subfield>
    </datafield>
    <datafield tag="650" ind1=" " ind2="0">
      <subfield code="a">Baseball players</subfield>
      <subfield code="z">United States</subfield>
      <subfield code="v">Biography.</subfield>
      <subfield code="0">http://id.loc.gov/authorities/subjects/sh2007101902</subfield>
    </datafield>
    <datafield tag="650" ind1=" " ind2="0">
      <subfield code="a">Baseball</subfield>
      <subfield code="z">United States</subfield>
      <subfield code="x">History.</subfield>
      <subfield code="0">http://id.loc.gov/authorities/subjects/sh2008117470</subfield>
    </datafield>
    <datafield tag="852" ind1="0" ind2=" ">
      <subfield code="b">f</subfield>
      <subfield code="h">GV865.W496</subfield>
      <subfield code="i">H45 2017</subfield>
    </datafield>
    <datafield tag="852" ind1="0" ind2=" ">
      <subfield code="b">firestone</subfield>
      <subfield code="c">stacks</subfield>
      <subfield code="h">GV865.W496</subfield>
      <subfield code="i">H45 2017</subfield>
      <subfield code="8">22576420940006421</subfield>
    </datafield>
  </record>