
  <record>
    <leader>02278dam a2200397 i 4500</leader>
    <controlfield tag="005">20191002192759.0</controlfield>
    <controlfield tag="008">160725t20162016enkab         000 0 eng d</controlfield>
    <controlfield tag="001">99101516193506421</controlfield>
    <datafield tag="020" ind1=" " ind2=" ">
      <subfield code="a">9781907804953</subfield>
      <subfield code="q">(paperback)</subfield>
    </datafield>
    <datafield tag="020" ind1=" " ind2=" ">
      <subfield code="a">1907804951</subfield>
      <subfield code="q">(paperback)</subfield>
    </datafield>
    <datafield tag="035" ind1=" " ind2=" ">
      <subfield code="a">(OCoLC)969861275</subfield>
    </datafield>
    <datafield tag="035" ind1=" " ind2=" ">
      <subfield code="a">(OCoLC)ocn969861275</subfield>
    </datafield>
    <datafield tag="035" ind1=" " ind2=" ">
      <subfield code="a">10151619</subfield>
    </datafield>
    <datafield tag="035" ind1=" " ind2=" ">
      <subfield code="a">(NjP)10151619-princetondb</subfield>
    </datafield>
    <datafield tag="040" ind1=" " ind2=" ">
      <subfield code="a">YDX</subfield>
      <subfield code="b">eng</subfield>
      <subfield code="e">rda</subfield>
      <subfield code="c">YDX</subfield>
      <subfield code="d">OCLCO</subfield>
    </datafield>
    <datafield tag="041" ind1="0" ind2=" ">
      <subfield code="a">eng</subfield>
      <subfield code="a">fre</subfield>
    </datafield>
    <datafield tag="050" ind1=" " ind2="4">
      <subfield code="a">GV721.9</subfield>
      <subfield code="b">.I58 2016</subfield>
    </datafield>
    <datafield tag="082" ind1="0" ind2="4">
      <subfield code="a">725/.827</subfield>
      <subfield code="2">23</subfield>
    </datafield>
    <datafield tag="110" ind1="2" ind2=" ">
      <subfield code="a">International Olympic Committee,</subfield>
      <subfield code="e">author.</subfield>
      <subfield code="0">http://id.loc.gov/authorities/names/n80125398</subfield>
    </datafield>
    <datafield tag="245" ind1="1" ind2="0">
      <subfield code="a">Olympic stadiums :</subfield>
      <subfield code="b">people, passion, stories = Stades olympiques : des hommes, des passions, des histoires /</subfield>
      <subfield code="c">International Olympic Committee ; in association with D. Giles Limited, London.</subfield>
    </datafield>
    <datafield tag="246" ind1="3" ind2="1">
      <subfield code="a">Stades olympiques</subfield>
    </datafield>
    <datafield tag="246" ind1="3" ind2=" ">
      <subfield code="a">Des hommes, des passions, des histoires</subfield>
    </datafield>
    <datafield tag="264" ind1=" " ind2="1">
      <subfield code="a">London, UK :</subfield>
      <subfield code="b">GILES, an imprint of D. Giles Limited,</subfield>
      <subfield code="c">2016.</subfield>
    </datafield>
    <datafield tag="264" ind1=" " ind2="4">
      <subfield code="c">©2016</subfield>
    </datafield>
    <datafield tag="300" ind1=" " ind2=" ">
      <subfield code="a">176 pages :</subfield>
      <subfield code="b">illustrations (chiefly color), color map ;</subfield>
      <subfield code="c">28 cm</subfield>
    </datafield>
    <datafield tag="336" ind1=" " ind2=" ">
      <subfield code="a">text</subfield>
      <subfield code="b">txt</subfield>
      <subfield code="2">rdacontent</subfield>
    </datafield>
    <datafield tag="336" ind1=" " ind2=" ">
      <subfield code="a">still image</subfield>
      <subfield code="b">sti</subfield>
      <subfield code="2">rdacontent</subfield>
    </datafield>
    <datafield tag="337" ind1=" " ind2=" ">
      <subfield code="a">unmediated</subfield>
      <subfield code="b">n</subfield>
      <subfield code="2">rdamedia</subfield>
    </datafield>
    <datafield tag="338" ind1=" " ind2=" ">
      <subfield code="a">volume</subfield>
      <subfield code="b">nc</subfield>
      <subfield code="2">rdacarrier</subfield>
    </datafield>
    <datafield tag="500" ind1=" " ind2=" ">
      <subfield code="a">"Heritage, Art and Design of the Olympic Games."</subfield>
    </datafield>
    <datafield tag="520" ind1="8" ind2=" ">
      <subfield code="a">With a wealth of archival images, stadium stories and reminiscences by athletes, supporters and those who worked on the building and organisation, this new volume is a richly illustrated souvenir of the changing design and purpose of Olympic stadia over the past century. It shows how the International Olympic Committee works with Olympic venues to build an Olympic stadium that responds to the needs of the city, looking in particular at iconic stadia built to showcase architectural prowess and attract international attention. A timeline reveals how architecture has changed over the past century, and there are fascinating interviews with those who took part; athletes, architects, and the people who worked behind the scenes.</subfield>
    </datafield>
    <datafield tag="546" ind1=" " ind2=" ">
      <subfield code="a">Text in parellel English and French.</subfield>
    </datafield>
    <datafield tag="650" ind1=" " ind2="0">
      <subfield code="a">Stadiums.</subfield>
      <subfield code="0">http://id.loc.gov/authorities/subjects/sh85127212</subfield>
    </datafield>
    <datafield tag="650" ind1=" " ind2="0">
      <subfield code="a">Olympics</subfield>
      <subfield code="x">Buildings.</subfield>
    </datafield>
    <datafield tag="852" ind1="0" ind2=" ">
      <subfield code="b">f</subfield>
      <subfield code="h">GV721.9</subfield>
      <subfield code="i">.I58 2016</subfield>
    </datafield>
    <datafield tag="852" ind1="0" ind2=" ">
      <subfield code="b">firestone</subfield>
      <subfield code="c">stacks</subfield>
      <subfield code="h">GV721.9</subfield>
      <subfield code="i">.I58 2016</subfield>
      <subfield code="8">22698699480006421</subfield>
    </datafield>
  </record>