
  <record>
    <leader>03747dam a2200481 i 4500</leader>
    <controlfield tag="005">20201008153104.0</controlfield>
    <controlfield tag="008">160711t20172017nyuaf         001 0aeng  </controlfield>
    <controlfield tag="001">99102246843506421</controlfield>
    <datafield tag="010" ind1=" " ind2=" ">
      <subfield code="a">  2016031331</subfield>
    </datafield>
    <datafield tag="020" ind1=" " ind2=" ">
      <subfield code="a">9781101984406</subfield>
      <subfield code="q">(hc)</subfield>
    </datafield>
    <datafield tag="020" ind1=" " ind2=" ">
      <subfield code="a">1101984406</subfield>
      <subfield code="q">(hc)</subfield>
    </datafield>
    <datafield tag="020" ind1=" " ind2=" ">
      <subfield code="a">9781101984420</subfield>
      <subfield code="q">(trade paperback)</subfield>
    </datafield>
    <datafield tag="020" ind1=" " ind2=" ">
      <subfield code="a">1101984422</subfield>
      <subfield code="q">(trade paperback)</subfield>
    </datafield>
    <datafield tag="035" ind1=" " ind2=" ">
      <subfield code="a">(OCoLC)953597930</subfield>
      <subfield code="z">(OCoLC)953707619</subfield>
      <subfield code="z">(OCoLC)979412957</subfield>
    </datafield>
    <datafield tag="035" ind1=" " ind2=" ">
      <subfield code="a">(OCoLC)ocn953597930</subfield>
    </datafield>
    <datafield tag="035" ind1=" " ind2=" ">
      <subfield code="a">10224684</subfield>
    </datafield>
    <datafield tag="035" ind1=" " ind2=" ">
      <subfield code="a">(NjP)10224684-princetondb</subfield>
    </datafield>
    <datafield tag="040" ind1=" " ind2=" ">
      <subfield code="a">DLC</subfield>
      <subfield code="b">eng</subfield>
      <subfield code="e">rda</subfield>
      <subfield code="c">DLC</subfield>
      <subfield code="d">YDXCP</subfield>
      <subfield code="d">BTCTA</subfield>
      <subfield code="d">BDX</subfield>
      <subfield code="d">OCLCF</subfield>
      <subfield code="d">GK8</subfield>
      <subfield code="d">OCL</subfield>
      <subfield code="d">OCLCQ</subfield>
      <subfield code="d">IEB</subfield>
      <subfield code="d">GK5</subfield>
      <subfield code="d">UPZ</subfield>
      <subfield code="d">IJC</subfield>
      <subfield code="d">VP@</subfield>
      <subfield code="d">FMG</subfield>
      <subfield code="d">TXNPS</subfield>
      <subfield code="d">ORK</subfield>
    </datafield>
    <datafield tag="042" ind1=" " ind2=" ">
      <subfield code="a">pcc</subfield>
    </datafield>
    <datafield tag="043" ind1=" " ind2=" ">
      <subfield code="a">n-us---</subfield>
    </datafield>
    <datafield tag="050" ind1="0" ind2="0">
      <subfield code="a">GV865.J633</subfield>
      <subfield code="b">J66 2017</subfield>
    </datafield>
    <datafield tag="082" ind1="0" ind2="0">
      <subfield code="a">796.357092</subfield>
      <subfield code="a">B</subfield>
      <subfield code="2">23</subfield>
    </datafield>
    <datafield tag="100" ind1="1" ind2=" ">
      <subfield code="a">Jones, Chipper,</subfield>
      <subfield code="d">1972-</subfield>
      <subfield code="e">author.</subfield>
      <subfield code="0">http://id.loc.gov/authorities/names/no97064630</subfield>
    </datafield>
    <datafield tag="245" ind1="1" ind2="0">
      <subfield code="a">Ballplayer /</subfield>
      <subfield code="c">Chipper Jones ; with Carroll Rogers Walton.</subfield>
    </datafield>
    <datafield tag="264" ind1=" " ind2="1">
      <subfield code="a">New York, New York :</subfield>
      <subfield code="b">Dutton, an imprint of Penguin Random House LLC,</subfield>
      <subfield code="c">[2017]</subfield>
    </datafield>
    <datafield tag="264" ind1=" " ind2="4">
      <subfield code="c">©2017</subfield>
    </datafield>
    <datafield tag="300" ind1=" " ind2=" ">
      <subfield code="a">xi, 369 pages, 8 unnumbered pages of plates :</subfield>
      <subfield code="b">illustrations (chiefly color) ;</subfield>
      <subfield code="c">24 cm</subfield>
    </datafield>
    <datafield tag="336" ind1=" " ind2=" ">
      <subfield code="a">text</subfield>
      <subfield code="b">txt</subfield>
      <subfield code="2">rdacontent</subfield>
    </datafield>
    <datafield tag="337" ind1=" " ind2=" ">
      <subfield code="a">unmediated</subfield>
      <subfield code="b">n</subfield>
      <subfield code="2">rdamedia</subfield>
    </datafield>
    <datafield tag="338" ind1=" " ind2=" ">
      <subfield code="a">volume</subfield>
      <subfield code="b">nc</subfield>
      <subfield code="2">rdacarrier</subfield>
    </datafield>
    <datafield tag="500" ind1=" " ind2=" ">
      <subfield code="a">Includes index.</subfield>
    </datafield>
    <datafield tag="505" ind1="0" ind2=" ">
      <subfield code="a">Prologue: The last big play -- Chip off the old block -- "I got this" -- The white elephant -- Draft day -- Carry a big stick -- Major motivation -- On the defensive -- Showtime -- Going deep -- Our time -- Raising the stakes -- World series ghosts -- Inside the clubhouse -- The perks -- Leading a double life -- Coming clean -- The worm has turned -- Lar-ry -- Playing the villain -- A one-team guy -- Tools and tricks of the trade -- Teaching points -- The end of an era -- Walking off -- Fireworks -- Curtain calls.</subfield>
    </datafield>
    <datafield tag="520" ind1=" " ind2=" ">
      <subfield code="a">Before Chipper Jones became an eight-time All-Star who amassed Hall of Fame-worthy statistics during his nineteen-year career with the Atlanta Braves, he was a country boy from small-town Pierson, Florida, who played baseball in the backyard with his dad and dreamed of the major leagues. With his trademark candor and astonishing recall, Jones tells the story of his rise to the MLB ranks and what it took to stay with one organization his entire career. Beginning with learning the art of switch-hitting and being the number one overall pick for the Braves in the 1990 draft, Jones takes us into the clubhouse of the Braves' extraordinary dynasty, from the climax of the World Series championship in 1995 to the last-gasp division win by the 2005 "Baby Braves". Along the way, he delves into his relationships with Bobby Cox and the famous Braves brothers--Maddux, Glavine and Smoltz--and opponents from Cal Ripken Jr. to Barry Bonds, his overnight rise to superstardom and the personal pitfalls that came with fame, his spirited rivalry with the Mets, and his reflections on modern baseball and his special last season in 2012. Reading this book is like being in the dugout sitting next to Chipper on an endless spring day. --</subfield>
      <subfield code="c">adapted from dust jacket.</subfield>
    </datafield>
    <datafield tag="600" ind1="1" ind2="0">
      <subfield code="a">Jones, Chipper,</subfield>
      <subfield code="d">1972-</subfield>
      <subfield code="0">http://id.loc.gov/authorities/names/no97064630</subfield>
    </datafield>
    <datafield tag="600" ind1="1" ind2="7">
      <subfield code="a">Jones, Chipper,</subfield>
      <subfield code="d">1972-</subfield>
      <subfield code="2">fast</subfield>
      <subfield code="0">(OCoLC)fst00404791</subfield>
    </datafield>
    <datafield tag="650" ind1=" " ind2="0">
      <subfield code="a">Baseball players</subfield>
      <subfield code="z">United States</subfield>
      <subfield code="v">Biography.</subfield>
      <subfield code="0">http://id.loc.gov/authorities/subjects/sh2007101902</subfield>
    </datafield>
    <datafield tag="650" ind1=" " ind2="7">
      <subfield code="a">Baseball players.</subfield>
      <subfield code="2">fast</subfield>
      <subfield code="0">(OCoLC)fst00828007</subfield>
    </datafield>
    <datafield tag="651" ind1=" " ind2="7">
      <subfield code="a">United States.</subfield>
      <subfield code="2">fast</subfield>
      <subfield code="0">(OCoLC)fst01204155</subfield>
    </datafield>
    <datafield tag="655" ind1=" " ind2="7">
      <subfield code="a">Autobiographies.</subfield>
      <subfield code="2">fast</subfield>
      <subfield code="0">(OCoLC)fst01919894</subfield>
    </datafield>
    <datafield tag="655" ind1=" " ind2="7">
      <subfield code="a">Biography.</subfield>
      <subfield code="2">fast</subfield>
      <subfield code="0">(OCoLC)fst01423686</subfield>
    </datafield>
    <datafield tag="700" ind1="1" ind2=" ">
      <subfield code="a">Walton, Carroll R.,</subfield>
      <subfield code="e">author.</subfield>
      <subfield code="0">http://id.loc.gov/authorities/names/n2016037619</subfield>
    </datafield>
    <datafield tag="852" ind1="0" ind2=" ">
      <subfield code="b">dixn</subfield>
      <subfield code="h">GV865.J633</subfield>
      <subfield code="i">J66 2017</subfield>
    </datafield>
    <datafield tag="852" ind1="0" ind2=" ">
      <subfield code="b">firestone</subfield>
      <subfield code="c">stacks</subfield>
      <subfield code="h">GV865.J633</subfield>
      <subfield code="i">J66 2017</subfield>
      <subfield code="8">22687827490006421</subfield>
    </datafield>
  </record>