
  <record>
    <leader>02499dam a2200445 i 4500</leader>
    <controlfield tag="005">20201008194122.0</controlfield>
    <controlfield tag="008">170626t20172017nyu      b    001 0deng d</controlfield>
    <controlfield tag="001">99102993113506421</controlfield>
    <datafield tag="020" ind1=" " ind2=" ">
      <subfield code="a">9780062354525</subfield>
      <subfield code="q">(hardcover)</subfield>
    </datafield>
    <datafield tag="020" ind1=" " ind2=" ">
      <subfield code="a">0062354523</subfield>
      <subfield code="q">(hardcover)</subfield>
    </datafield>
    <datafield tag="035" ind1=" " ind2=" ">
      <subfield code="a">(OCoLC)991596824</subfield>
    </datafield>
    <datafield tag="035" ind1=" " ind2=" ">
      <subfield code="a">(OCoLC)ocn991596824</subfield>
    </datafield>
    <datafield tag="035" ind1=" " ind2=" ">
      <subfield code="a">10299311</subfield>
    </datafield>
    <datafield tag="035" ind1=" " ind2=" ">
      <subfield code="a">(NjP)10299311-princetondb</subfield>
    </datafield>
    <datafield tag="040" ind1=" " ind2=" ">
      <subfield code="a">HBP</subfield>
      <subfield code="b">eng</subfield>
      <subfield code="e">rda</subfield>
      <subfield code="c">HBP</subfield>
      <subfield code="d">FM0</subfield>
      <subfield code="d">OCJ</subfield>
      <subfield code="d">OCP</subfield>
      <subfield code="d">BTCTA</subfield>
      <subfield code="d">IGA</subfield>
      <subfield code="d">JQM</subfield>
      <subfield code="d">T3B</subfield>
      <subfield code="d">CPL</subfield>
    </datafield>
    <datafield tag="050" ind1=" " ind2="4">
      <subfield code="a">GV706.32</subfield>
      <subfield code="b">.B53 2017</subfield>
    </datafield>
    <datafield tag="082" ind1="0" ind2="4">
      <subfield code="a">306.4/83</subfield>
      <subfield code="b">23</subfield>
    </datafield>
    <datafield tag="100" ind1="1" ind2=" ">
      <subfield code="a">Blake, James,</subfield>
      <subfield code="d">1979-</subfield>
      <subfield code="e">author.</subfield>
      <subfield code="0">http://id.loc.gov/authorities/names/no2007080750</subfield>
    </datafield>
    <datafield tag="245" ind1="1" ind2="0">
      <subfield code="a">Ways of grace :</subfield>
      <subfield code="b">stories of activism, adversity, and how sports can bring us together /</subfield>
      <subfield code="c">James Blake with Carol Taylor.</subfield>
    </datafield>
    <datafield tag="250" ind1=" " ind2=" ">
      <subfield code="a">First Edition.</subfield>
    </datafield>
    <datafield tag="264" ind1=" " ind2="1">
      <subfield code="a">New York, NY :</subfield>
      <subfield code="b">Amistad, an imprint of HarperCollinsPublishers,</subfield>
      <subfield code="c">[2017]</subfield>
    </datafield>
    <datafield tag="264" ind1=" " ind2="4">
      <subfield code="c">©2017</subfield>
    </datafield>
    <datafield tag="300" ind1=" " ind2=" ">
      <subfield code="a">240 pages ;</subfield>
      <subfield code="c">22 cm</subfield>
    </datafield>
    <datafield tag="336" ind1=" " ind2=" ">
      <subfield code="a">text</subfield>
      <subfield code="b">txt</subfield>
      <subfield code="2">rdacontent</subfield>
    </datafield>
    <datafield tag="337" ind1=" " ind2=" ">
      <subfield code="a">unmediated</subfield>
      <subfield code="b">n</subfield>
      <subfield code="2">rdamedia</subfield>
    </datafield>
    <datafield tag="338" ind1=" " ind2=" ">
      <subfield code="a">volume</subfield>
      <subfield code="b">nc</subfield>
      <subfield code="2">rdacarrier</subfield>
    </datafield>
    <datafield tag="504" ind1=" " ind2=" ">
      <subfield code="a">Includes bibliographical resources (pages 221-231) and index.</subfield>
    </datafield>
    <datafield tag="505" ind1="0" ind2=" ">
      <subfield code="a">Introduction: Mistaken identity -- Early trailblazers: accidental activists -- Changing the game: the unifying power of sports -- You run like a girl: gender biases in sports -- Shut up and play: the impetus and social ramifications of sports activism -- More than just a game: sometimes the end justifies the means -- A personal choice: the athlete as activist -- Epilogue: The power of protest.</subfield>
    </datafield>
    <datafield tag="520" ind1=" " ind2=" ">
      <subfield code="a">"In Ways of Grace the author reflects on his experiences and explores those of other sports stars and public figures who have not only overcome adversity, but have used them to unite rather than divide."--</subfield>
      <subfield code="c">Amazon.</subfield>
    </datafield>
    <datafield tag="650" ind1=" " ind2="0">
      <subfield code="a">Sports</subfield>
      <subfield code="x">Social aspects.</subfield>
    </datafield>
    <datafield tag="650" ind1=" " ind2="0">
      <subfield code="a">Sports</subfield>
      <subfield code="x">Political aspects.</subfield>
    </datafield>
    <datafield tag="650" ind1=" " ind2="0">
      <subfield code="a">Professional athletes</subfield>
      <subfield code="x">Political activity.</subfield>
    </datafield>
    <datafield tag="650" ind1=" " ind2="0">
      <subfield code="a">Racism in sports.</subfield>
      <subfield code="0">http://id.loc.gov/authorities/subjects/sh2001007777</subfield>
    </datafield>
    <datafield tag="650" ind1=" " ind2="0">
      <subfield code="a">Sex discrimination in sports.</subfield>
      <subfield code="0">http://id.loc.gov/authorities/subjects/sh85120609</subfield>
    </datafield>
    <datafield tag="650" ind1=" " ind2="0">
      <subfield code="a">Social action.</subfield>
      <subfield code="0">http://id.loc.gov/authorities/subjects/sh85123907</subfield>
    </datafield>
    <datafield tag="650" ind1=" " ind2="0">
      <subfield code="a">Political activists.</subfield>
      <subfield code="0">http://id.loc.gov/authorities/subjects/sh88005959</subfield>
    </datafield>
    <datafield tag="650" ind1=" " ind2="0">
      <subfield code="a">Sports</subfield>
      <subfield code="x">History.</subfield>
      <subfield code="0">http://id.loc.gov/authorities/subjects/sh85126893</subfield>
    </datafield>
    <datafield tag="700" ind1="1" ind2=" ">
      <subfield code="a">Taylor, Carol</subfield>
      <subfield code="q">(Carol A.),</subfield>
      <subfield code="e">author.</subfield>
      <subfield code="0">http://id.loc.gov/authorities/names/no2014060609</subfield>
    </datafield>
    <datafield tag="852" ind1="0" ind2=" ">
      <subfield code="b">f</subfield>
      <subfield code="h">GV706.32</subfield>
      <subfield code="i">.B53 2017</subfield>
    </datafield>
    <datafield tag="852" ind1="0" ind2=" ">
      <subfield code="b">firestone</subfield>
      <subfield code="c">stacks</subfield>
      <subfield code="h">GV706.32</subfield>
      <subfield code="i">.B53 2017</subfield>
      <subfield code="8">22720069150006421</subfield>
    </datafield>
  </record>