
  <record>
    <leader>01340dam a2200337 i 4500</leader>
    <controlfield tag="005">20201008202315.0</controlfield>
    <controlfield tag="008">161228s2016    bl       b    000 0 por d</controlfield>
    <controlfield tag="001">99103295143506421</controlfield>
    <datafield tag="035" ind1=" " ind2=" ">
      <subfield code="a">(OCoLC)ocn967620290</subfield>
    </datafield>
    <datafield tag="035" ind1=" " ind2=" ">
      <subfield code="a">10329514</subfield>
    </datafield>
    <datafield tag="035" ind1=" " ind2=" ">
      <subfield code="a">(OCoLC)967620290</subfield>
    </datafield>
    <datafield tag="035" ind1=" " ind2=" ">
      <subfield code="a">(NjP)10329514-princetondb</subfield>
    </datafield>
    <datafield tag="040" ind1=" " ind2=" ">
      <subfield code="a">SBACH</subfield>
      <subfield code="b">eng</subfield>
      <subfield code="e">rda</subfield>
      <subfield code="c">SBACH</subfield>
      <subfield code="d">TEF</subfield>
      <subfield code="d">CGU</subfield>
      <subfield code="d">OCLCA</subfield>
      <subfield code="d">OCLCF</subfield>
    </datafield>
    <datafield tag="020" ind1=" " ind2=" ">
      <subfield code="a">9788584990498</subfield>
      <subfield code="q">(pbk.)</subfield>
    </datafield>
    <datafield tag="020" ind1=" " ind2=" ">
      <subfield code="a">8584990496</subfield>
    </datafield>
    <datafield tag="050" ind1=" " ind2="4">
      <subfield code="a">GV597</subfield>
      <subfield code="b">.E48 2016</subfield>
    </datafield>
    <datafield tag="245" ind1="0" ind2="0">
      <subfield code="a">Entre jogos e copas :</subfield>
      <subfield code="b">reflexões de uma década esportiva /</subfield>
      <subfield code="c">Enrico Sapaggiari, Giancarlo Marques Carraro Machado, Sérgio Settani Giglio (orgs.).</subfield>
    </datafield>
    <datafield tag="264" ind1=" " ind2="1">
      <subfield code="a">São Paulo :</subfield>
      <subfield code="b">Intermeios,</subfield>
      <subfield code="c">2016.</subfield>
    </datafield>
    <datafield tag="300" ind1=" " ind2=" ">
      <subfield code="a">357 pages ;</subfield>
      <subfield code="c">23 cm.</subfield>
    </datafield>
    <datafield tag="336" ind1=" " ind2=" ">
      <subfield code="a">text</subfield>
      <subfield code="2">rdacontent</subfield>
    </datafield>
    <datafield tag="337" ind1=" " ind2=" ">
      <subfield code="a">unmediated</subfield>
      <subfield code="2">rdamedia</subfield>
    </datafield>
    <datafield tag="338" ind1=" " ind2=" ">
      <subfield code="a">volume</subfield>
      <subfield code="2">rdacarrier</subfield>
    </datafield>
    <datafield tag="490" ind1="1" ind2=" ">
      <subfield code="a">Coleção Entrejogos</subfield>
    </datafield>
    <datafield tag="650" ind1=" " ind2="0">
      <subfield code="a">Sports</subfield>
      <subfield code="z">Brazil</subfield>
      <subfield code="x">History</subfield>
      <subfield code="y">21st century.</subfield>
    </datafield>
    <datafield tag="650" ind1=" " ind2="0">
      <subfield code="a">Sports</subfield>
      <subfield code="x">Social aspects</subfield>
      <subfield code="z">Brazil.</subfield>
    </datafield>
    <datafield tag="650" ind1=" " ind2="0">
      <subfield code="a">Sports</subfield>
      <subfield code="z">Brazil</subfield>
      <subfield code="x">Sociological aspects.</subfield>
    </datafield>
    <datafield tag="700" ind1="1" ind2=" ">
      <subfield code="a">Spaggiari, Enrico.</subfield>
      <subfield code="0">http://id.loc.gov/authorities/names/no2017052477</subfield>
    </datafield>
    <datafield tag="700" ind1="1" ind2=" ">
      <subfield code="a">Machado, Giancarlo Marques Carraro.</subfield>
      <subfield code="0">http://id.loc.gov/authorities/names/no2014113697</subfield>
    </datafield>
    <datafield tag="700" ind1="1" ind2=" ">
      <subfield code="a">Giglio, Sérgio Settani.</subfield>
      <subfield code="0">http://id.loc.gov/authorities/names/no2016073107</subfield>
    </datafield>
    <datafield tag="830" ind1=" " ind2="0">
      <subfield code="a">Coleção Entrejogos</subfield>
    </datafield>
    <datafield tag="852" ind1="0" ind2=" ">
      <subfield code="b">firestone</subfield>
      <subfield code="c">stacks</subfield>
      <subfield code="h">GV597</subfield>
      <subfield code="i">.E48 2016</subfield>
      <subfield code="8">22695894060006421</subfield>
    </datafield>
  </record>