
  <record>
    <leader>02404dam a22004334i 4500</leader>
    <controlfield tag="005">20200217130431.0</controlfield>
    <controlfield tag="008">150127t20152014wiu      b    001 0 eng  </controlfield>
    <controlfield tag="001">99104310263506421</controlfield>
    <datafield tag="010" ind1=" " ind2=" ">
      <subfield code="a">  2014044714</subfield>
    </datafield>
    <datafield tag="035" ind1=" " ind2=" ">
      <subfield code="a">(OCoLC)ocn902936676</subfield>
    </datafield>
    <datafield tag="035" ind1=" " ind2=" ">
      <subfield code="a">(CaONFJC)58875731</subfield>
    </datafield>
    <datafield tag="035" ind1=" " ind2=" ">
      <subfield code="a">10431026</subfield>
    </datafield>
    <datafield tag="035" ind1=" " ind2=" ">
      <subfield code="a">(OCoLC)902936676</subfield>
      <subfield code="z">(OCoLC)907166843</subfield>
    </datafield>
    <datafield tag="035" ind1=" " ind2=" ">
      <subfield code="a">(NjP)10431026-princetondb</subfield>
    </datafield>
    <datafield tag="040" ind1=" " ind2=" ">
      <subfield code="a">DLC</subfield>
      <subfield code="b">eng</subfield>
      <subfield code="e">rda</subfield>
      <subfield code="c">DLC</subfield>
      <subfield code="d">OCLCF</subfield>
      <subfield code="d">BTCTA</subfield>
      <subfield code="d">YDXCP</subfield>
      <subfield code="d">IUL</subfield>
      <subfield code="d">NYP</subfield>
      <subfield code="d">CUT</subfield>
      <subfield code="d">CUY</subfield>
      <subfield code="d">OCLCO</subfield>
      <subfield code="d">OCLCQ</subfield>
      <subfield code="d">VGM</subfield>
    </datafield>
    <datafield tag="020" ind1=" " ind2=" ">
      <subfield code="a">9781626000469</subfield>
      <subfield code="q">(paperback ;</subfield>
      <subfield code="q">alk. paper)</subfield>
    </datafield>
    <datafield tag="020" ind1=" " ind2=" ">
      <subfield code="a">1626000468</subfield>
      <subfield code="q">(paperback ;</subfield>
      <subfield code="q">alk. paper)</subfield>
    </datafield>
    <datafield tag="024" ind1="8" ind2=" ">
      <subfield code="a">40025051951</subfield>
    </datafield>
    <datafield tag="042" ind1=" " ind2=" ">
      <subfield code="a">pcc</subfield>
    </datafield>
    <datafield tag="050" ind1="0" ind2="0">
      <subfield code="a">GV706.55</subfield>
      <subfield code="b">.M35 2015</subfield>
    </datafield>
    <datafield tag="082" ind1="0" ind2="0">
      <subfield code="a">796.01/9</subfield>
      <subfield code="2">23</subfield>
    </datafield>
    <datafield tag="100" ind1="1" ind2=" ">
      <subfield code="a">Marcus, Paul,</subfield>
      <subfield code="d">1953-</subfield>
      <subfield code="0">http://id.loc.gov/authorities/names/n82257875</subfield>
    </datafield>
    <datafield tag="245" ind1="1" ind2="0">
      <subfield code="a">Sports as soul-craft :</subfield>
      <subfield code="b">how playing and watching sports enhances life /</subfield>
      <subfield code="c">Paul Marcus.</subfield>
    </datafield>
    <datafield tag="250" ind1=" " ind2=" ">
      <subfield code="a">First edition.</subfield>
    </datafield>
    <datafield tag="264" ind1=" " ind2="1">
      <subfield code="a">Milwaukee, Wisconsin :</subfield>
      <subfield code="b">Marquette University Press,</subfield>
      <subfield code="c">[2015]</subfield>
    </datafield>
    <datafield tag="264" ind1=" " ind2="4">
      <subfield code="c">©2014</subfield>
    </datafield>
    <datafield tag="300" ind1=" " ind2=" ">
      <subfield code="a">227 pages ;</subfield>
      <subfield code="c">22 cm</subfield>
    </datafield>
    <datafield tag="336" ind1=" " ind2=" ">
      <subfield code="a">text</subfield>
      <subfield code="b">txt</subfield>
      <subfield code="2">rdacontent</subfield>
    </datafield>
    <datafield tag="337" ind1=" " ind2=" ">
      <subfield code="a">unmediated</subfield>
      <subfield code="b">n</subfield>
      <subfield code="2">rdamedia</subfield>
    </datafield>
    <datafield tag="338" ind1=" " ind2=" ">
      <subfield code="a">volume</subfield>
      <subfield code="b">nc</subfield>
      <subfield code="2">rdacarrier</subfield>
    </datafield>
    <datafield tag="504" ind1=" " ind2=" ">
      <subfield code="a">Includes bibliographical references (pages 191-209) and index.</subfield>
    </datafield>
    <datafield tag="505" ind1="0" ind2=" ">
      <subfield code="a">Soccer: The beautiful game -- Baseball: The immortal game -- Chess: The royal game -- Tennis: A sportsman's pastime &amp; a fighter's game -- Golf: A game of civility -- Cycling: A freedom-loving sport -- Conclusion.</subfield>
    </datafield>
    <datafield tag="520" ind1="1" ind2=" ">
      <subfield code="a">"What makes sports so compelling? Beyond the entertainment of watching the amazing physical and mental prowess of athletes as they compete, Marcus, a psychoanalytic psychologist, believes that each sport taken as totality of circumstances is a 'parable of life' that superbly depicts the existential challenges and dilemmas that ordinary people face as they attempt to fashion the 'good life.' By 'good life', following Freud, he means a life of deep and wide love, creative and productive work; one that is guided by reason and ethics and is aesthetically pleasing."</subfield>
    </datafield>
    <datafield tag="650" ind1=" " ind2="0">
      <subfield code="a">Sports</subfield>
      <subfield code="x">Psychological aspects.</subfield>
      <subfield code="0">http://id.loc.gov/authorities/subjects/sh85126899</subfield>
    </datafield>
    <datafield tag="650" ind1=" " ind2="0">
      <subfield code="a">Conduct of life.</subfield>
      <subfield code="0">http://id.loc.gov/authorities/subjects/sh85030802</subfield>
    </datafield>
    <datafield tag="650" ind1=" " ind2="7">
      <subfield code="a">Conduct of life.</subfield>
      <subfield code="2">fast</subfield>
      <subfield code="0">(OCoLC)fst00874563</subfield>
    </datafield>
    <datafield tag="650" ind1=" " ind2="7">
      <subfield code="a">Sports</subfield>
      <subfield code="x">Psychological aspects.</subfield>
      <subfield code="2">fast</subfield>
      <subfield code="0">(OCoLC)fst01130495</subfield>
    </datafield>
    <datafield tag="852" ind1="0" ind2=" ">
      <subfield code="b">firestone</subfield>
      <subfield code="c">stacks</subfield>
      <subfield code="h">GV706.55</subfield>
      <subfield code="i">.M35 2015</subfield>
      <subfield code="8">22494852570006421</subfield>
    </datafield>
  </record>