
  <record>
    <leader>00962cas a22002055a 4500</leader>
    <controlfield tag="005">20220324104620.0</controlfield>
    <controlfield tag="008">120502d17381769sz mr p       0   b0fre d</controlfield>
    <controlfield tag="001">99105518613506421</controlfield>
    <datafield tag="035" ind1=" " ind2=" ">
      <subfield code="a">(NjP)10551861-princetondb</subfield>
    </datafield>
    <datafield tag="040" ind1=" " ind2=" ">
      <subfield code="a">NjP</subfield>
      <subfield code="c">NjP</subfield>
    </datafield>
    <datafield tag="245" ind1="0" ind2="0">
      <subfield code="a">Journal helvétique, ou, Recueil de pièces fugitives de literature choisie.</subfield>
    </datafield>
    <datafield tag="246" ind1="3" ind2="0">
      <subfield code="a">Recueil de pièces fugitives</subfield>
    </datafield>
    <datafield tag="246" ind1="3" ind2="0">
      <subfield code="a">Mercure suisse</subfield>
    </datafield>
    <datafield tag="260" ind1=" " ind2=" ">
      <subfield code="a">[S.l. :</subfield>
      <subfield code="b">s.n.,</subfield>
      <subfield code="c">1738-1769]</subfield>
      <subfield code="e">(Neuchatel :</subfield>
      <subfield code="f">de l'Imprimerie des journalistes)</subfield>
    </datafield>
    <datafield tag="300" ind1=" " ind2=" ">
      <subfield code="a">v. ;</subfield>
      <subfield code="c">17 cm</subfield>
    </datafield>
    <datafield tag="310" ind1=" " ind2=" ">
      <subfield code="a">Monthly</subfield>
    </datafield>
    <datafield tag="500" ind1=" " ind2=" ">
      <subfield code="a">Issued as a sister publication to the Mercure suisse.</subfield>
    </datafield>
    <datafield tag="500" ind1=" " ind2=" ">
      <subfield code="3">Princeton copy 1:</subfield>
      <subfield code="a">Issues for May, June and July 1742 and May, June, July and August 1743 of the Journal helvétique and Mercure suisse.</subfield>
      <subfield code="5">NjP</subfield>
    </datafield>
    <datafield tag="500" ind1=" " ind2=" ">
      <subfield code="3">Princeton copy 2:</subfield>
      <subfield code="a">Half-year volumes for July-December 1743 and 1744-1746 of the Journal helvétique and Mercure suisse.</subfield>
      <subfield code="5">NjP</subfield>
    </datafield>
  </record>