
  <record>
    <leader>04610dam a2200349 i 4500</leader>
    <controlfield tag="005">20201012165445.0</controlfield>
    <controlfield tag="008">171019s2017    fr d     b    000 0bfre d</controlfield>
    <controlfield tag="001">99106167543506421</controlfield>
    <datafield tag="020" ind1=" " ind2=" ">
      <subfield code="a">9782343126548 (pbk.) :</subfield>
      <subfield code="c">17,50 EUR</subfield>
    </datafield>
    <datafield tag="035" ind1=" " ind2=" ">
      <subfield code="a">(Fr-PaAMA)AAL0763146-0001</subfield>
    </datafield>
    <datafield tag="035" ind1=" " ind2=" ">
      <subfield code="a">10616754</subfield>
    </datafield>
    <datafield tag="035" ind1=" " ind2=" ">
      <subfield code="a">(NjP)10616754-princetondb</subfield>
    </datafield>
    <datafield tag="040" ind1=" " ind2=" ">
      <subfield code="a">Fr-PaAMA</subfield>
      <subfield code="b">eng</subfield>
      <subfield code="e">rda</subfield>
    </datafield>
    <datafield tag="043" ind1=" " ind2=" ">
      <subfield code="a">f-cg---</subfield>
    </datafield>
    <datafield tag="050" ind1=" " ind2="4">
      <subfield code="a">GV742.42.G343</subfield>
      <subfield code="b">B94 2017</subfield>
    </datafield>
    <datafield tag="100" ind1="1" ind2=" ">
      <subfield code="a">Byhamot, François Roger,</subfield>
      <subfield code="e">author.</subfield>
      <subfield code="0">http://id.loc.gov/authorities/names/no2012134300</subfield>
    </datafield>
    <datafield tag="245" ind1="1" ind2="0">
      <subfield code="a">Ghislain Joseph Gabio :</subfield>
      <subfield code="b">journaliste et écrivain congolais : 1972-2015 /</subfield>
      <subfield code="c">François Roger Byhamot ; préface de Joachim Emmanuel Goma-Thethet.</subfield>
    </datafield>
    <datafield tag="264" ind1=" " ind2="1">
      <subfield code="a">Paris :</subfield>
      <subfield code="b">L'Harmattan,</subfield>
      <subfield code="c">[2017]</subfield>
    </datafield>
    <datafield tag="264" ind1=" " ind2="4">
      <subfield code="c">copyright 2017</subfield>
    </datafield>
    <datafield tag="300" ind1=" " ind2=" ">
      <subfield code="a">155 pages :</subfield>
      <subfield code="b">charts ;</subfield>
      <subfield code="c">22 cm</subfield>
    </datafield>
    <datafield tag="336" ind1=" " ind2=" ">
      <subfield code="a">text</subfield>
      <subfield code="b">txt</subfield>
      <subfield code="2">rdacontent</subfield>
    </datafield>
    <datafield tag="337" ind1=" " ind2=" ">
      <subfield code="a">unmediated</subfield>
      <subfield code="b">n</subfield>
      <subfield code="2">rdamedia</subfield>
    </datafield>
    <datafield tag="338" ind1=" " ind2=" ">
      <subfield code="a">volume</subfield>
      <subfield code="b">nc</subfield>
      <subfield code="2">rdacarrier</subfield>
    </datafield>
    <datafield tag="500" ind1=" " ind2=" ">
      <subfield code="a">"Harmattan Congo-Brazzaville."</subfield>
    </datafield>
    <datafield tag="504" ind1=" " ind2=" ">
      <subfield code="a">Includes bibliographical references (pages 149-151).</subfield>
    </datafield>
    <datafield tag="505" ind1="0" ind2="0">
      <subfield code="g">Pt. 1.</subfield>
      <subfield code="t">Ghislain Joseph Gabio,un journaliste charismatique --</subfield>
      <subfield code="g">1.</subfield>
      <subfield code="t">Ghislain Joseph Gabio, un journaliste passionné --</subfield>
      <subfield code="t">Ghislain Joseph Gabio à l'âge de treize ans --</subfield>
      <subfield code="t">Ghislain Joseph Gabio, fonctionnaire à Radio Congo et Télé Congo --</subfield>
      <subfield code="t">Ghislain Joseph Gabio à partir de l'an 2000 --</subfield>
      <subfield code="g">2.</subfield>
      <subfield code="t">Ghislain Joseph Gabio et les grands événements sportifs africains du XXe siècle --</subfield>
      <subfield code="t">Les premiers jeux africains de 1965 --</subfield>
      <subfield code="t">La huitième coupe d'Afrique des nations de football (Yaoundé, au Cameroun) de 1972 --</subfield>
      <subfield code="t">1974, année marathon pour Ghislain Joseph Gabio --</subfield>
      <subfield code="t">La finale Cara-Mehalla --</subfield>
      <subfield code="t">La coupe du monde de football en République fédérale d'Allemagne en 1974 --</subfield>
      <subfield code="t">1979: la coupe d'Afrique des nations de handball --</subfield>
      <subfield code="t">Les nominations de Ghislain Joseph Gabio --</subfield>
      <subfield code="g">3.</subfield>
      <subfield code="t">Ghislain Joseph Gabio, l'écrivain --</subfield>
      <subfield code="t">Les ouvrages de Ghislain Joseph Gabio --</subfield>
      <subfield code="t">Quelques articles de Ghislain Joseph Gabio --</subfield>
      <subfield code="t">Expression créée par Ghislain Joseph Gabio --</subfield>
      <subfield code="g">4.</subfield>
      <subfield code="t">Regards des autres sur Ghislain Joseph Gabio --</subfield>
      <subfield code="t">L'ouvrage de Marc Talansi --</subfield>
      <subfield code="t">Ghislain Joseph Gabio dans quelques ouvrages et articles --</subfield>
      <subfield code="t">Ghislain Joseph Gabio sur quelques supports sonores --</subfield>
      <subfield code="t">Le 33 tours de la huitième coupe d'Afrique des nations de football, Yaoundé et Douala du 23 février au 5 mars 1972 --</subfield>
      <subfield code="t">Annonce de station --</subfield>
      <subfield code="t">Coups de coeur sur Ghislain Joseph Gabio --</subfield>
      <subfield code="g">Pt. 2.</subfield>
      <subfield code="t">Ghislain Joseph Gabio à l'aune des autres journalistes sportifs --</subfield>
      <subfield code="g">5.</subfield>
      <subfield code="t">Ghislain Joseph Gabio et deux précurseurs de la presse sportive congolaise --</subfield>
      <subfield code="t">Sylvain Bemba --</subfield>
      <subfield code="t">Bikouta Menga Gaston (Guy Menga) --</subfield>
      <subfield code="g">6.</subfield>
      <subfield code="t">Ghislain Joseph Gabio et trois journalistes sportifs de sa génération --</subfield>
      <subfield code="t">Germain Bisset --</subfield>
      <subfield code="t">Jean Gilbert Foutou --</subfield>
      <subfield code="t">Fulbert Kimina Makumbu --</subfield>
      <subfield code="g">7.</subfield>
      <subfield code="t">Ghislain Joseph Gabio et la nouvelle génération --</subfield>
      <subfield code="t">Ghislain Joseph Gabio et la génération de 1992 --</subfield>
      <subfield code="t">Ghislain Joseph Gabio et la génération de l'an 2000 --</subfield>
      <subfield code="g">8.</subfield>
      <subfield code="t">Ghislain Joseph Gabio et deux célèbres journalistes sportifs de la presse francophone africaine --</subfield>
      <subfield code="t">Ronny Mba Minko --</subfield>
      <subfield code="t">Mahjoub Faouzi --</subfield>
      <subfield code="g">9.</subfield>
      <subfield code="t">Ghislain Joseph Gabio et deux commentateurs français --</subfield>
      <subfield code="t">Points communs de ces trois journalistes --</subfield>
      <subfield code="t">Différences entre ces trois journalistes.</subfield>
    </datafield>
    <datafield tag="520" ind1=" " ind2=" ">
      <subfield code="a">"Cet ouvrage décrit le parcours professionnel atypique du journaliste et écrivain Ghislain Joseph Gabio. C'est une reconnaissance, un hommage appuyé, de son vivant, pour tous les sacrifices qu'il a consentis de 1972 à 2015, collectant, traitant et diffusant des informations sur le sport de nombreux continents et de tous les départements du Congo, pour le bonheur des auditeurs, téléspectateurs et lecteurs. Dans le journalisme sportif, Ghislain Joseph Gabio est une fierté africaine. Il est le journaliste le plus célèbre et le plus fécond de l'histoire congolaise de 1972 à 2015. À lui seul, jusqu'en 2015, il totalise une pratique journalistique de cinquante ans et une trentaine d'années d'écriture, avec six ouvrages à la clé, parmi lesquels La véritable histoire du football congolais (2012) et Bahamboula Mbémba "Tostao", la perle du football congolais (2014). Il est le seul journaliste sportif congolais capable de rivaliser avec les brillants journalistes de la presse sportive francophone."--Page 4 of cover.</subfield>
    </datafield>
    <datafield tag="600" ind1="1" ind2="0">
      <subfield code="a">Gabio, Joseph.</subfield>
      <subfield code="0">http://id.loc.gov/authorities/names/no00103826</subfield>
    </datafield>
    <datafield tag="650" ind1=" " ind2="0">
      <subfield code="a">Sportswriters</subfield>
      <subfield code="z">Congo (Democratic Republic)</subfield>
      <subfield code="v">Biography.</subfield>
    </datafield>
    <datafield tag="650" ind1=" " ind2="0">
      <subfield code="a">Sports journalism</subfield>
      <subfield code="z">Congo (Democratic Republic)</subfield>
      <subfield code="x">History.</subfield>
    </datafield>
    <datafield tag="852" ind1="0" ind2=" ">
      <subfield code="b">f</subfield>
      <subfield code="h">GV742.42.G343</subfield>
      <subfield code="i">B94 2017</subfield>
    </datafield>
    <datafield tag="852" ind1="0" ind2=" ">
      <subfield code="b">firestone</subfield>
      <subfield code="c">stacks</subfield>
      <subfield code="h">GV742.42.G343</subfield>
      <subfield code="i">B94 2017</subfield>
      <subfield code="8">22550870250006421</subfield>
    </datafield>
  </record>