
  <record>
    <leader>02943dam a2200493 i 4500</leader>
    <controlfield tag="005">20200204092642.0</controlfield>
    <controlfield tag="008">150415s2016    enk      b    001 0 eng  </controlfield>
    <controlfield tag="001">99107237213506421</controlfield>
    <datafield tag="010" ind1=" " ind2=" ">
      <subfield code="a">  2015011656</subfield>
    </datafield>
    <datafield tag="035" ind1=" " ind2=" ">
      <subfield code="a">(OCoLC)ocn908090012</subfield>
    </datafield>
    <datafield tag="035" ind1=" " ind2=" ">
      <subfield code="a">(CaONFJC)56484259</subfield>
    </datafield>
    <datafield tag="035" ind1=" " ind2=" ">
      <subfield code="a">10723721</subfield>
    </datafield>
    <datafield tag="035" ind1=" " ind2=" ">
      <subfield code="a">(OCoLC)908090012</subfield>
      <subfield code="z">(OCoLC)908071517</subfield>
      <subfield code="z">(OCoLC)964386293</subfield>
    </datafield>
    <datafield tag="035" ind1=" " ind2=" ">
      <subfield code="a">(NjP)10723721-princetondb</subfield>
    </datafield>
    <datafield tag="035" ind1=" " ind2=" ">
      <subfield code="z">(OCoLC)908071517</subfield>
      <subfield code="z">(OCoLC)964386293</subfield>
    </datafield>
    <datafield tag="040" ind1=" " ind2=" ">
      <subfield code="a">DLC</subfield>
      <subfield code="b">eng</subfield>
      <subfield code="e">rda</subfield>
      <subfield code="c">DLC</subfield>
      <subfield code="d">YDX</subfield>
      <subfield code="d">BTCTA</subfield>
      <subfield code="d">BDX</subfield>
      <subfield code="d">YDXCP</subfield>
      <subfield code="d">OCLCF</subfield>
      <subfield code="d">CDX</subfield>
      <subfield code="d">WRF</subfield>
      <subfield code="d">MNY</subfield>
      <subfield code="d">TWTCL</subfield>
      <subfield code="d">VP@</subfield>
      <subfield code="d">OCLCQ</subfield>
      <subfield code="d">IOK</subfield>
      <subfield code="d">FSS</subfield>
    </datafield>
    <datafield tag="019" ind1=" " ind2=" ">
      <subfield code="a">908071517</subfield>
      <subfield code="a">964386293</subfield>
    </datafield>
    <datafield tag="020" ind1=" " ind2=" ">
      <subfield code="a">9781138791169</subfield>
      <subfield code="q">(Hardback)</subfield>
    </datafield>
    <datafield tag="020" ind1=" " ind2=" ">
      <subfield code="a">1138791164</subfield>
      <subfield code="q">(Hardback)</subfield>
    </datafield>
    <datafield tag="020" ind1=" " ind2=" ">
      <subfield code="a">9781138791176</subfield>
      <subfield code="q">(Paperback)</subfield>
    </datafield>
    <datafield tag="020" ind1=" " ind2=" ">
      <subfield code="a">1138791172</subfield>
      <subfield code="q">(Paperback)</subfield>
    </datafield>
    <datafield tag="020" ind1=" " ind2=" ">
      <subfield code="a">9781315762999</subfield>
      <subfield code="q">(eBook)</subfield>
    </datafield>
    <datafield tag="020" ind1=" " ind2=" ">
      <subfield code="a">1315762994</subfield>
      <subfield code="q">(eBook)</subfield>
    </datafield>
    <datafield tag="020" ind1=" " ind2=" ">
      <subfield code="a">9780415834490</subfield>
    </datafield>
    <datafield tag="020" ind1=" " ind2=" ">
      <subfield code="a">041583449X</subfield>
    </datafield>
    <datafield tag="020" ind1=" " ind2=" ">
      <subfield code="z">9780415834506</subfield>
    </datafield>
    <datafield tag="020" ind1=" " ind2=" ">
      <subfield code="z">9781315774428</subfield>
    </datafield>
    <datafield tag="042" ind1=" " ind2=" ">
      <subfield code="a">pcc</subfield>
    </datafield>
    <datafield tag="050" ind1="0" ind2="0">
      <subfield code="a">GV713</subfield>
      <subfield code="b">.W55 2016</subfield>
    </datafield>
    <datafield tag="082" ind1="0" ind2="0">
      <subfield code="a">796.06/9</subfield>
      <subfield code="2">23</subfield>
    </datafield>
    <datafield tag="100" ind1="1" ind2=" ">
      <subfield code="a">Wilson, Robert,</subfield>
      <subfield code="d">1980-</subfield>
      <subfield code="0">http://id.loc.gov/authorities/names/n2007023321</subfield>
    </datafield>
    <datafield tag="245" ind1="1" ind2="0">
      <subfield code="a">Sport management :</subfield>
      <subfield code="b">the basics /</subfield>
      <subfield code="c">Rob Wilson and Mark Piekarz.</subfield>
    </datafield>
    <datafield tag="264" ind1=" " ind2="1">
      <subfield code="a">London ;</subfield>
      <subfield code="a">New York :</subfield>
      <subfield code="b">Routledge,</subfield>
      <subfield code="c">2016.</subfield>
    </datafield>
    <datafield tag="300" ind1=" " ind2=" ">
      <subfield code="a">xvi, 195 pages ;</subfield>
      <subfield code="c">20 cm.</subfield>
    </datafield>
    <datafield tag="336" ind1=" " ind2=" ">
      <subfield code="a">text</subfield>
      <subfield code="b">txt</subfield>
      <subfield code="2">rdacontent</subfield>
    </datafield>
    <datafield tag="337" ind1=" " ind2=" ">
      <subfield code="a">unmediated</subfield>
      <subfield code="b">n</subfield>
      <subfield code="2">rdamedia</subfield>
    </datafield>
    <datafield tag="338" ind1=" " ind2=" ">
      <subfield code="a">volume</subfield>
      <subfield code="b">nc</subfield>
      <subfield code="2">rdacarrier</subfield>
    </datafield>
    <datafield tag="490" ind1="1" ind2=" ">
      <subfield code="a">The Basics</subfield>
    </datafield>
    <datafield tag="504" ind1=" " ind2=" ">
      <subfield code="a">Includes bibliographical references (pages 187-192) and index.</subfield>
    </datafield>
    <datafield tag="505" ind1="0" ind2=" ">
      <subfield code="a">Defining sport, management and sport management -- The history of sport management -- Organisational theory and the functions, skills and roles of management -- The business functions of sport management -- The levels of management -- The sport industry and the basis of provision -- The sport industry and the basis of demand -- Employment &amp; employability in sport.</subfield>
    </datafield>
    <datafield tag="520" ind1=" " ind2=" ">
      <subfield code="a">Sport Management: The Basics is an engaging and accessible introduction to sport management which considers a range of contemporary philosophical, social, cultural and political matters as they impact on this growing field. Drawing links between academic theory and practice, it explores the current challenges facing managers in the sport inductry, addressing topics including: the history of sport management ; the role of the manager ' levels of management ; the public, private and voluntary sectors ; sport management in the global marketplace. With many examples of how the concepts discussed relate to actual jobs in sport management, a comprehensive chapter on employability, and case studies which explore both theory and practice, Sport Management: The Basics offers a clear and concise introduction for anyone seeking to study or work in sport management.</subfield>
    </datafield>
    <datafield tag="650" ind1=" " ind2="0">
      <subfield code="a">Sports administration.</subfield>
      <subfield code="0">http://id.loc.gov/authorities/subjects/sh85126896</subfield>
    </datafield>
    <datafield tag="650" ind1=" " ind2="7">
      <subfield code="a">Sports administration.</subfield>
      <subfield code="2">fast</subfield>
      <subfield code="0">(OCoLC)fst01130552</subfield>
    </datafield>
    <datafield tag="830" ind1=" " ind2="0">
      <subfield code="a">Basics (Routledge (Firm))</subfield>
    </datafield>
    <datafield tag="852" ind1="0" ind2=" ">
      <subfield code="b">firestone</subfield>
      <subfield code="c">stacks</subfield>
      <subfield code="h">GV713</subfield>
      <subfield code="i">.W55 2016</subfield>
      <subfield code="8">22691501500006421</subfield>
    </datafield>
  </record>