
  <record>
    <leader>02982dam a2200589 i 4500</leader>
    <controlfield tag="005">20201012204151.0</controlfield>
    <controlfield tag="008">180416s2018    ru af    b    000 0brus  </controlfield>
    <controlfield tag="001">99107861323506421</controlfield>
    <datafield tag="010" ind1=" " ind2=" ">
      <subfield code="a">  2018391791</subfield>
    </datafield>
    <datafield tag="035" ind1=" " ind2=" ">
      <subfield code="a">(RuMoNKB)1001140</subfield>
    </datafield>
    <datafield tag="035" ind1=" " ind2=" ">
      <subfield code="a">10786132</subfield>
    </datafield>
    <datafield tag="035" ind1=" " ind2=" ">
      <subfield code="a">(OCoLC)on1049575386</subfield>
    </datafield>
    <datafield tag="035" ind1=" " ind2=" ">
      <subfield code="a">(NjP)10786132-princetondb</subfield>
    </datafield>
    <datafield tag="040" ind1=" " ind2=" ">
      <subfield code="a">DLC</subfield>
      <subfield code="b">eng</subfield>
      <subfield code="e">rda</subfield>
      <subfield code="c">DLC</subfield>
      <subfield code="d">ZCU</subfield>
      <subfield code="d">OCLCF</subfield>
      <subfield code="d">IUL</subfield>
      <subfield code="d">OCLCA</subfield>
      <subfield code="d">OCL</subfield>
    </datafield>
    <datafield tag="066" ind1=" " ind2=" ">
      <subfield code="c">(N</subfield>
    </datafield>
    <datafield tag="020" ind1=" " ind2=" ">
      <subfield code="a">9785235040724</subfield>
    </datafield>
    <datafield tag="020" ind1=" " ind2=" ">
      <subfield code="a">5235040724</subfield>
    </datafield>
    <datafield tag="042" ind1=" " ind2=" ">
      <subfield code="a">pcc</subfield>
    </datafield>
    <datafield tag="050" ind1="0" ind2="0">
      <subfield code="a">GV848.5.B63</subfield>
      <subfield code="b">S34 2018</subfield>
    </datafield>
    <datafield tag="100" ind1="1" ind2=" ">
      <subfield code="6">880-01</subfield>
      <subfield code="a">Shcheglov, Mikhail,</subfield>
      <subfield code="d">1939-</subfield>
      <subfield code="e">author.</subfield>
      <subfield code="0">http://id.loc.gov/authorities/names/n2017061921</subfield>
    </datafield>
    <datafield tag="245" ind1="1" ind2="0">
      <subfield code="6">880-02</subfield>
      <subfield code="a">Vsevolod Bobrov /</subfield>
      <subfield code="c">Mikhail Shcheglov.</subfield>
    </datafield>
    <datafield tag="264" ind1=" " ind2="1">
      <subfield code="6">880-03</subfield>
      <subfield code="a">Moskva :</subfield>
      <subfield code="b">Molodai︠a︡ gvardii︠a︡,</subfield>
      <subfield code="c">2018.</subfield>
    </datafield>
    <datafield tag="300" ind1=" " ind2=" ">
      <subfield code="a">521 pages, 2 unnumbered pages, 32 unnumbered pages of plates :</subfield>
      <subfield code="b">illustrations ;</subfield>
      <subfield code="c">21 cm.</subfield>
    </datafield>
    <datafield tag="336" ind1=" " ind2=" ">
      <subfield code="a">text</subfield>
      <subfield code="b">txt</subfield>
      <subfield code="2">rdacontent</subfield>
    </datafield>
    <datafield tag="337" ind1=" " ind2=" ">
      <subfield code="a">unmediated</subfield>
      <subfield code="b">n</subfield>
      <subfield code="2">rdamedia</subfield>
    </datafield>
    <datafield tag="338" ind1=" " ind2=" ">
      <subfield code="a">volume</subfield>
      <subfield code="b">nc</subfield>
      <subfield code="2">rdacarrier</subfield>
    </datafield>
    <datafield tag="490" ind1="1" ind2=" ">
      <subfield code="6">880-04</subfield>
      <subfield code="a">Zhiznʹ zamechatelʹnykh li︠u︡deĭ, serii︠a︡ biografiĭ ;</subfield>
      <subfield code="v">1902 (1702)</subfield>
    </datafield>
    <datafield tag="504" ind1=" " ind2=" ">
      <subfield code="a">Includes bibliographical references (pages 519-[522]).</subfield>
    </datafield>
    <datafield tag="600" ind1="1" ind2="0">
      <subfield code="6">880-05</subfield>
      <subfield code="a">Bobrov, Vsevolod Mikhaĭlovich,</subfield>
      <subfield code="d">1922-1979.</subfield>
      <subfield code="0">http://id.loc.gov/authorities/names/n00108585</subfield>
    </datafield>
    <datafield tag="610" ind1="2" ind2="0">
      <subfield code="6">880-06</subfield>
      <subfield code="a">T︠S︡SKA (Hockey team : Moscow, Russia)</subfield>
      <subfield code="x">History.</subfield>
    </datafield>
    <datafield tag="600" ind1="1" ind2="7">
      <subfield code="a">Bobrov, Vsevolod Mikhaĭlovich,</subfield>
      <subfield code="d">1922-1979.</subfield>
      <subfield code="2">fast</subfield>
      <subfield code="0">(OCoLC)fst00455041</subfield>
    </datafield>
    <datafield tag="650" ind1=" " ind2="0">
      <subfield code="a">Hockey players</subfield>
      <subfield code="z">Soviet Union</subfield>
      <subfield code="v">Biography.</subfield>
    </datafield>
    <datafield tag="650" ind1=" " ind2="0">
      <subfield code="a">Hockey coaches</subfield>
      <subfield code="z">Soviet Union</subfield>
      <subfield code="v">Biography.</subfield>
    </datafield>
    <datafield tag="650" ind1=" " ind2="0">
      <subfield code="a">Soccer players</subfield>
      <subfield code="z">Soviet Union</subfield>
      <subfield code="v">Biography.</subfield>
      <subfield code="0">http://id.loc.gov/authorities/subjects/sh2010113444</subfield>
    </datafield>
    <datafield tag="650" ind1=" " ind2="7">
      <subfield code="a">Hockey coaches.</subfield>
      <subfield code="2">fast</subfield>
      <subfield code="0">(OCoLC)fst00958569</subfield>
    </datafield>
    <datafield tag="650" ind1=" " ind2="7">
      <subfield code="a">Hockey players.</subfield>
      <subfield code="2">fast</subfield>
      <subfield code="0">(OCoLC)fst00958581</subfield>
    </datafield>
    <datafield tag="650" ind1=" " ind2="7">
      <subfield code="a">Soccer players.</subfield>
      <subfield code="2">fast</subfield>
      <subfield code="0">(OCoLC)fst01122208</subfield>
    </datafield>
    <datafield tag="651" ind1=" " ind2="7">
      <subfield code="a">Soviet Union.</subfield>
      <subfield code="2">fast</subfield>
      <subfield code="0">(OCoLC)fst01210281</subfield>
    </datafield>
    <datafield tag="655" ind1=" " ind2="7">
      <subfield code="a">Biographies.</subfield>
      <subfield code="2">fast</subfield>
      <subfield code="0">(OCoLC)fst01919896</subfield>
    </datafield>
    <datafield tag="655" ind1=" " ind2="7">
      <subfield code="a">Biographies.</subfield>
      <subfield code="2">lcgft</subfield>
      <subfield code="0">http://id.loc.gov/authorities/genreForms/gf2014026049</subfield>
    </datafield>
    <datafield tag="655" ind1=" " ind2="7">
      <subfield code="a">Biography.</subfield>
      <subfield code="2">fast</subfield>
      <subfield code="0">(OCoLC)fst01423686</subfield>
    </datafield>
    <datafield tag="655" ind1=" " ind2="7">
      <subfield code="a">History.</subfield>
      <subfield code="2">fast</subfield>
      <subfield code="0">(OCoLC)fst01411628</subfield>
    </datafield>
    <datafield tag="830" ind1=" " ind2="0">
      <subfield code="6">880-07</subfield>
      <subfield code="a">Zhiznʹ zamechatelʹnykh li︠u︡deĭ (Molodai︠a︡ gvardii︠a︡ (Firm)) ;</subfield>
      <subfield code="v">vyp. 1902 (1702)</subfield>
    </datafield>
    <datafield tag="880" ind1="1" ind2=" ">
      <subfield code="6">100-01/(N</subfield>
      <subfield code="a">Щеглов, Михаил,</subfield>
      <subfield code="d">1939-</subfield>
      <subfield code="e">author.</subfield>
    </datafield>
    <datafield tag="880" ind1="1" ind2="0">
      <subfield code="6">245-02/(N</subfield>
      <subfield code="a">Всеволод Бобров /</subfield>
      <subfield code="c">Михаил Щеглов.</subfield>
    </datafield>
    <datafield tag="880" ind1=" " ind2="1">
      <subfield code="6">264-03/(N</subfield>
      <subfield code="a">Москва :</subfield>
      <subfield code="b">Молодая гвардия,</subfield>
      <subfield code="c">2018.</subfield>
    </datafield>
    <datafield tag="880" ind1="1" ind2=" ">
      <subfield code="6">490-04/(N</subfield>
      <subfield code="a">Жизнь замечательных людей, серия биографий ;</subfield>
      <subfield code="v">1902 (1702)</subfield>
    </datafield>
    <datafield tag="880" ind1="1" ind2="4">
      <subfield code="6">600-05/(N</subfield>
      <subfield code="a">Бобров, Всеволод Михайлович,</subfield>
      <subfield code="d">1922-1979.</subfield>
    </datafield>
    <datafield tag="880" ind1="2" ind2="4">
      <subfield code="6">610-06/(N</subfield>
      <subfield code="a">ЦСКА (Hockey team : Moscow, Russia)</subfield>
      <subfield code="x">History.</subfield>
    </datafield>
    <datafield tag="880" ind1=" " ind2="0">
      <subfield code="6">830-07/(N</subfield>
      <subfield code="a">Жизнь замечательных людей (Молодая гвардия (Firm)) ;</subfield>
      <subfield code="v">вып. 1902 (1702)</subfield>
    </datafield>
    <datafield tag="852" ind1="0" ind2=" ">
      <subfield code="b">firestone</subfield>
      <subfield code="c">stacks</subfield>
      <subfield code="h">GV848.5.B63</subfield>
      <subfield code="i">S34 2018</subfield>
      <subfield code="8">22584847480006421</subfield>
    </datafield>
  </record>