
  <record>
    <leader>01622dam a2200373 i 4500</leader>
    <controlfield tag="005">20201013100006.0</controlfield>
    <controlfield tag="008">171013s2017    bl a     b    000 0 por d</controlfield>
    <controlfield tag="001">99108946533506421</controlfield>
    <datafield tag="035" ind1=" " ind2=" ">
      <subfield code="a">(OCoLC)on1004751142</subfield>
    </datafield>
    <datafield tag="035" ind1=" " ind2=" ">
      <subfield code="a">10894653</subfield>
    </datafield>
    <datafield tag="035" ind1=" " ind2=" ">
      <subfield code="a">(OCoLC)1004751142</subfield>
    </datafield>
    <datafield tag="035" ind1=" " ind2=" ">
      <subfield code="a">(NjP)10894653-princetondb</subfield>
    </datafield>
    <datafield tag="040" ind1=" " ind2=" ">
      <subfield code="a">SBACH</subfield>
      <subfield code="b">eng</subfield>
      <subfield code="e">rda</subfield>
      <subfield code="c">SBACH</subfield>
      <subfield code="d">UTO</subfield>
      <subfield code="d">NYP</subfield>
      <subfield code="d">OCLCF</subfield>
    </datafield>
    <datafield tag="020" ind1=" " ind2=" ">
      <subfield code="a">9788574787480</subfield>
      <subfield code="q">(pbk.)</subfield>
    </datafield>
    <datafield tag="020" ind1=" " ind2=" ">
      <subfield code="a">8574787485</subfield>
    </datafield>
    <datafield tag="043" ind1=" " ind2=" ">
      <subfield code="a">s-bl---</subfield>
    </datafield>
    <datafield tag="050" ind1=" " ind2="4">
      <subfield code="a">GV706.32</subfield>
      <subfield code="b">.V54 2017</subfield>
    </datafield>
    <datafield tag="100" ind1="1" ind2=" ">
      <subfield code="a">Vieira, José Jairo,</subfield>
      <subfield code="d">1968-</subfield>
      <subfield code="e">author.</subfield>
      <subfield code="0">http://id.loc.gov/authorities/names/no2017152653</subfield>
    </datafield>
    <datafield tag="245" ind1="1" ind2="3">
      <subfield code="a">As relações étnico-raciais e o futebol do Rio de Janeiro :</subfield>
      <subfield code="b">mitos, discriminação e mobilidade social /</subfield>
      <subfield code="c">José Jairo Vieira.</subfield>
    </datafield>
    <datafield tag="264" ind1=" " ind2="1">
      <subfield code="a">Rio de Janeiro :</subfield>
      <subfield code="b">Mauad X :</subfield>
      <subfield code="b">FAPERJ,</subfield>
      <subfield code="c">2017.</subfield>
    </datafield>
    <datafield tag="300" ind1=" " ind2=" ">
      <subfield code="a">182 pages :</subfield>
      <subfield code="b">illustrations ;</subfield>
      <subfield code="c">23 cm</subfield>
    </datafield>
    <datafield tag="336" ind1=" " ind2=" ">
      <subfield code="a">text</subfield>
      <subfield code="b">txt</subfield>
      <subfield code="2">rdacontent</subfield>
    </datafield>
    <datafield tag="337" ind1=" " ind2=" ">
      <subfield code="a">unmediated</subfield>
      <subfield code="b">n</subfield>
      <subfield code="2">rdamedia</subfield>
    </datafield>
    <datafield tag="338" ind1=" " ind2=" ">
      <subfield code="a">volume</subfield>
      <subfield code="b">nc</subfield>
      <subfield code="2">rdacarrier</subfield>
    </datafield>
    <datafield tag="500" ind1=" " ind2=" ">
      <subfield code="a">Originally published as author's thesis (doctoral)--Instituto Universitário de Pesquisas do Rio de Janeiro, 2001.</subfield>
    </datafield>
    <datafield tag="504" ind1=" " ind2=" ">
      <subfield code="a">Includes bibliographical references.</subfield>
    </datafield>
    <datafield tag="650" ind1=" " ind2="0">
      <subfield code="a">Soccer</subfield>
      <subfield code="x">Social aspects</subfield>
      <subfield code="z">Brazil</subfield>
      <subfield code="z">Rio de Janeiro.</subfield>
    </datafield>
    <datafield tag="650" ind1=" " ind2="0">
      <subfield code="a">Racism in sports</subfield>
      <subfield code="z">Brazil</subfield>
      <subfield code="z">Rio de Janeiro.</subfield>
    </datafield>
    <datafield tag="650" ind1=" " ind2="0">
      <subfield code="a">Black people</subfield>
      <subfield code="x">Social aspects</subfield>
      <subfield code="z">Brazil</subfield>
      <subfield code="z">Rio de Janeiro.</subfield>
    </datafield>
    <datafield tag="650" ind1=" " ind2="0">
      <subfield code="a">Black people</subfield>
      <subfield code="x">Race identity</subfield>
      <subfield code="z">Brazil.</subfield>
      <subfield code="0">http://id.loc.gov/authorities/subjects/sh2009117246</subfield>
    </datafield>
    <datafield tag="650" ind1=" " ind2="0">
      <subfield code="a">Race discrimination</subfield>
      <subfield code="z">Brazil.</subfield>
      <subfield code="0">http://id.loc.gov/authorities/subjects/sh2010109251</subfield>
    </datafield>
    <datafield tag="650" ind1=" " ind2="0">
      <subfield code="a">Athletes, Black</subfield>
      <subfield code="z">Brazil.</subfield>
    </datafield>
    <datafield tag="650" ind1=" " ind2="0">
      <subfield code="a">Social mobility</subfield>
      <subfield code="z">Brazil.</subfield>
    </datafield>
    <datafield tag="852" ind1="0" ind2=" ">
      <subfield code="b">firestone</subfield>
      <subfield code="c">stacks</subfield>
      <subfield code="h">GV706.32</subfield>
      <subfield code="i">.V54 2017</subfield>
      <subfield code="8">22676419840006421</subfield>
    </datafield>
  </record>