
  <record>
    <leader>01467dam a2200373 i 4500</leader>
    <controlfield tag="005">20201013121921.0</controlfield>
    <controlfield tag="008">180719e201807  it       b    000 0 ita d</controlfield>
    <controlfield tag="001">99109581833506421</controlfield>
    <datafield tag="020" ind1=" " ind2=" ">
      <subfield code="a">9788825516005 :</subfield>
      <subfield code="c">20.00 EUR</subfield>
    </datafield>
    <datafield tag="035" ind1=" " ind2=" ">
      <subfield code="a">(OCoLC)1050084792</subfield>
    </datafield>
    <datafield tag="035" ind1=" " ind2=" ">
      <subfield code="a">(ItFiC)4366803</subfield>
    </datafield>
    <datafield tag="035" ind1=" " ind2=" ">
      <subfield code="a">10958183</subfield>
    </datafield>
    <datafield tag="035" ind1=" " ind2=" ">
      <subfield code="a">(NjP)10958183-princetondb</subfield>
    </datafield>
    <datafield tag="040" ind1=" " ind2=" ">
      <subfield code="a">ItFiC</subfield>
      <subfield code="e">rda</subfield>
      <subfield code="c">ItFiC</subfield>
    </datafield>
    <datafield tag="043" ind1=" " ind2=" ">
      <subfield code="a">e-it---</subfield>
    </datafield>
    <datafield tag="050" ind1="0" ind2="0">
      <subfield code="a">GV706.35</subfield>
      <subfield code="b">.G543 2018</subfield>
    </datafield>
    <datafield tag="100" ind1="1" ind2=" ">
      <subfield code="a">Giuntini, Sergio,</subfield>
      <subfield code="d">1956-</subfield>
      <subfield code="e">author.</subfield>
      <subfield code="0">http://id.loc.gov/authorities/names/n2003119151</subfield>
    </datafield>
    <datafield tag="245" ind1="1" ind2="3">
      <subfield code="a">"L'oppio dei popoli" :</subfield>
      <subfield code="b">sport e sinistre in Italia (1892-1992) /</subfield>
      <subfield code="c">Sergio Giuntini.</subfield>
    </datafield>
    <datafield tag="250" ind1=" " ind2=" ">
      <subfield code="a">I edizione.</subfield>
    </datafield>
    <datafield tag="264" ind1=" " ind2="1">
      <subfield code="a">Canterano (RM) :</subfield>
      <subfield code="b">Aracne editrice,</subfield>
      <subfield code="c">luglio 2018.</subfield>
    </datafield>
    <datafield tag="300" ind1=" " ind2=" ">
      <subfield code="a">312 pages ;</subfield>
      <subfield code="c">24 cm.</subfield>
    </datafield>
    <datafield tag="336" ind1=" " ind2=" ">
      <subfield code="a">text</subfield>
      <subfield code="b">txt</subfield>
      <subfield code="2">rdacontent</subfield>
    </datafield>
    <datafield tag="337" ind1=" " ind2=" ">
      <subfield code="a">unmediated</subfield>
      <subfield code="b">n</subfield>
      <subfield code="2">rdamedia</subfield>
    </datafield>
    <datafield tag="338" ind1=" " ind2=" ">
      <subfield code="a">volume</subfield>
      <subfield code="b">nc</subfield>
      <subfield code="2">rdacarrier</subfield>
    </datafield>
    <datafield tag="490" ind1="1" ind2=" ">
      <subfield code="a">Il podio ;</subfield>
      <subfield code="v">2</subfield>
    </datafield>
    <datafield tag="504" ind1=" " ind2=" ">
      <subfield code="a">Includes bibliographical references.</subfield>
    </datafield>
    <datafield tag="650" ind1=" " ind2="0">
      <subfield code="a">Sports</subfield>
      <subfield code="x">Political aspects</subfield>
      <subfield code="z">Italy</subfield>
      <subfield code="x">History</subfield>
      <subfield code="y">19th century.</subfield>
    </datafield>
    <datafield tag="650" ind1=" " ind2="0">
      <subfield code="a">Sports</subfield>
      <subfield code="x">Political aspects</subfield>
      <subfield code="z">Italy</subfield>
      <subfield code="x">History</subfield>
      <subfield code="y">20th century.</subfield>
    </datafield>
    <datafield tag="651" ind1=" " ind2="0">
      <subfield code="a">Italy</subfield>
      <subfield code="x">Politics and government</subfield>
      <subfield code="y">19th century.</subfield>
      <subfield code="0">http://id.loc.gov/authorities/subjects/sh88007834</subfield>
    </datafield>
    <datafield tag="651" ind1=" " ind2="0">
      <subfield code="a">Italy</subfield>
      <subfield code="x">Politics and government</subfield>
      <subfield code="y">20th century.</subfield>
      <subfield code="0">http://id.loc.gov/authorities/subjects/sh85069010</subfield>
    </datafield>
    <datafield tag="830" ind1=" " ind2="0">
      <subfield code="a">Podio ;</subfield>
      <subfield code="v">2.</subfield>
    </datafield>
    <datafield tag="852" ind1="0" ind2=" ">
      <subfield code="b">f</subfield>
      <subfield code="h">GV706.35</subfield>
      <subfield code="i">.G543 2018</subfield>
    </datafield>
    <datafield tag="856" ind1="4" ind2="2">
      <subfield code="3">TOC</subfield>
      <subfield code="u">http://ilibri.casalini.it/toc/4366803</subfield>
    </datafield>
    <datafield tag="852" ind1="0" ind2=" ">
      <subfield code="b">firestone</subfield>
      <subfield code="c">stacks</subfield>
      <subfield code="h">GV706.35</subfield>
      <subfield code="i">.G543 2018</subfield>
      <subfield code="8">22668473020006421</subfield>
    </datafield>
  </record>