
  <record>
    <leader>01146cam a22002535i 4500</leader>
    <controlfield tag="005">20191030115605.0</controlfield>
    <controlfield tag="008">180927s2017    ru            000 0 rus d</controlfield>
    <controlfield tag="001">99109975773506421</controlfield>
    <datafield tag="020" ind1=" " ind2=" ">
      <subfield code="a">9785799622442 :</subfield>
      <subfield code="c">USD191.9</subfield>
    </datafield>
    <datafield tag="035" ind1=" " ind2=" ">
      <subfield code="a">(RuMoEVIS)1249668B</subfield>
    </datafield>
    <datafield tag="035" ind1=" " ind2=" ">
      <subfield code="a">(NjP)10997577-princetondb</subfield>
    </datafield>
    <datafield tag="040" ind1=" " ind2=" ">
      <subfield code="a">RuMoEVIS</subfield>
      <subfield code="b">eng</subfield>
      <subfield code="e">rda</subfield>
      <subfield code="c">RuMoEVIS</subfield>
    </datafield>
    <datafield tag="041" ind1="0" ind2=" ">
      <subfield code="a">rus</subfield>
      <subfield code="a">eng</subfield>
    </datafield>
    <datafield tag="100" ind1="1" ind2=" ">
      <subfield code="a">I︠U︡zhakova, Elizaveta,</subfield>
      <subfield code="e">editor.</subfield>
    </datafield>
    <datafield tag="245" ind1="1" ind2="0">
      <subfield code="a">Novai︠a︡ gramotnostʹ :</subfield>
      <subfield code="b">4-i︠a︡ Uralʹskai︠a︡ industrialʹnai︠a︡ biennale sovremennogo iskusstva. New literacy : 4th ural industrial biennial of contemporary art /</subfield>
      <subfield code="c">Vypuskai︠u︡shchiĭ redaktor, redaktor-sostavitelʹ: Elizaveta I︠U︡zhakova.</subfield>
    </datafield>
    <datafield tag="246" ind1="3" ind2="1">
      <subfield code="a">New literacy : 4th ural industrial biennial of contemporary art</subfield>
    </datafield>
    <datafield tag="264" ind1=" " ind2="1">
      <subfield code="a">Ekaterinburg :</subfield>
      <subfield code="b">Uralʹskiĭ universitet,</subfield>
      <subfield code="c">2017.</subfield>
    </datafield>
    <datafield tag="300" ind1=" " ind2=" ">
      <subfield code="a">volume &lt;4 (488 pages)&gt; :</subfield>
      <subfield code="b">color illustrations ;</subfield>
      <subfield code="c">25 cm.</subfield>
    </datafield>
    <datafield tag="336" ind1=" " ind2=" ">
      <subfield code="a">text</subfield>
      <subfield code="b">txt</subfield>
      <subfield code="2">rdacontent</subfield>
    </datafield>
    <datafield tag="337" ind1=" " ind2=" ">
      <subfield code="a">unmediated</subfield>
      <subfield code="b">n</subfield>
      <subfield code="2">rdamedia</subfield>
    </datafield>
    <datafield tag="338" ind1=" " ind2=" ">
      <subfield code="a">volume</subfield>
      <subfield code="b">nc</subfield>
      <subfield code="2">rdacarrier</subfield>
    </datafield>
    <datafield tag="490" ind1="0" ind2=" ">
      <subfield code="a">Uralʹskai︠a︡ industrialʹnai︠a︡ biennale sovremennogo iskusstva ;</subfield>
      <subfield code="v">4</subfield>
    </datafield>
    <datafield tag="546" ind1=" " ind2=" ">
      <subfield code="a">In Russian and English.</subfield>
    </datafield>
    <datafield tag="653" ind1="0" ind2=" ">
      <subfield code="a">Visual arts.</subfield>
    </datafield>
  </record>