
  <record>
    <leader>01287dam a2200361 i 4500</leader>
    <controlfield tag="005">20201013172548.0</controlfield>
    <controlfield tag="008">181023t20172017dr a     b    001 0 spa c</controlfield>
    <controlfield tag="001">99110070453506421</controlfield>
    <datafield tag="035" ind1=" " ind2=" ">
      <subfield code="a">(OCoLC)on1091954314</subfield>
    </datafield>
    <datafield tag="035" ind1=" " ind2=" ">
      <subfield code="a">11007045</subfield>
    </datafield>
    <datafield tag="035" ind1=" " ind2=" ">
      <subfield code="a">(OCoLC)1091954314</subfield>
    </datafield>
    <datafield tag="035" ind1=" " ind2=" ">
      <subfield code="a">(NjP)11007045-princetondb</subfield>
    </datafield>
    <datafield tag="040" ind1=" " ind2=" ">
      <subfield code="a">EYM</subfield>
      <subfield code="b">eng</subfield>
      <subfield code="c">EYM</subfield>
      <subfield code="d">OCLCO</subfield>
      <subfield code="d">FUG</subfield>
      <subfield code="d">OCLCF</subfield>
      <subfield code="d">OCL</subfield>
    </datafield>
    <datafield tag="020" ind1=" " ind2=" ">
      <subfield code="a">9789945454536</subfield>
    </datafield>
    <datafield tag="020" ind1=" " ind2=" ">
      <subfield code="a">9945454536</subfield>
    </datafield>
    <datafield tag="042" ind1=" " ind2=" ">
      <subfield code="a">pcc</subfield>
    </datafield>
    <datafield tag="043" ind1=" " ind2=" ">
      <subfield code="a">nwdr---</subfield>
    </datafield>
    <datafield tag="050" ind1=" " ind2="4">
      <subfield code="a">GV592.D65</subfield>
      <subfield code="b">C37 2017</subfield>
    </datafield>
    <datafield tag="100" ind1="1" ind2=" ">
      <subfield code="a">Castro Ventura, Santiago,</subfield>
      <subfield code="e">author.</subfield>
      <subfield code="0">http://id.loc.gov/authorities/names/n95116144</subfield>
    </datafield>
    <datafield tag="245" ind1="1" ind2="3">
      <subfield code="a">El juego de San Andrés :</subfield>
      <subfield code="b">génesis, evolución y feliz ocaso /</subfield>
      <subfield code="c">Santiago Castro Ventura.</subfield>
    </datafield>
    <datafield tag="264" ind1=" " ind2="1">
      <subfield code="a">Santo Domingo, República Dominicana :</subfield>
      <subfield code="b">Editora Manati,</subfield>
      <subfield code="c">[2017]</subfield>
    </datafield>
    <datafield tag="264" ind1=" " ind2="4">
      <subfield code="c">©2017</subfield>
    </datafield>
    <datafield tag="300" ind1=" " ind2=" ">
      <subfield code="a">120 pages :</subfield>
      <subfield code="b">illustrations ;</subfield>
      <subfield code="c">23 cm</subfield>
    </datafield>
    <datafield tag="336" ind1=" " ind2=" ">
      <subfield code="a">text</subfield>
      <subfield code="b">txt</subfield>
      <subfield code="2">rdacontent</subfield>
    </datafield>
    <datafield tag="337" ind1=" " ind2=" ">
      <subfield code="a">unmediated</subfield>
      <subfield code="b">n</subfield>
      <subfield code="2">rdamedia</subfield>
    </datafield>
    <datafield tag="338" ind1=" " ind2=" ">
      <subfield code="a">volume</subfield>
      <subfield code="b">nc</subfield>
      <subfield code="2">rdacarrier</subfield>
    </datafield>
    <datafield tag="504" ind1=" " ind2=" ">
      <subfield code="a">Includes bibliographical references (pages [113]-116) and index.</subfield>
    </datafield>
    <datafield tag="650" ind1=" " ind2="0">
      <subfield code="a">Games</subfield>
      <subfield code="z">Dominican Republic</subfield>
      <subfield code="x">History.</subfield>
    </datafield>
    <datafield tag="650" ind1=" " ind2="0">
      <subfield code="a">Sports</subfield>
      <subfield code="z">Dominican Republic.</subfield>
    </datafield>
    <datafield tag="650" ind1=" " ind2="0">
      <subfield code="a">Festivals</subfield>
      <subfield code="z">Dominican Republic.</subfield>
    </datafield>
    <datafield tag="651" ind1=" " ind2="0">
      <subfield code="a">Dominican Republic</subfield>
      <subfield code="x">Social life and customs.</subfield>
    </datafield>
    <datafield tag="852" ind1="0" ind2=" ">
      <subfield code="b">firestone</subfield>
      <subfield code="c">stacks</subfield>
      <subfield code="h">GV592.D65</subfield>
      <subfield code="i">C37 2017</subfield>
      <subfield code="8">22580970000006421</subfield>
    </datafield>
  </record>