
  <record>
    <leader>00320cam a22001335  4500</leader>
    <controlfield tag="005">20201014093502.0</controlfield>
    <controlfield tag="008">190410|||||||||xxu||||| |||| 00| 0|eng||</controlfield>
    <controlfield tag="001">99113246183506421</controlfield>
    <datafield tag="020" ind1=" " ind2=" ">
      <subfield code="a">9780738587417</subfield>
    </datafield>
    <datafield tag="035" ind1=" " ind2=" ">
      <subfield code="9">(arcadia)9780738587417</subfield>
    </datafield>
    <datafield tag="035" ind1=" " ind2=" ">
      <subfield code="a">11324618</subfield>
    </datafield>
    <datafield tag="035" ind1=" " ind2=" ">
      <subfield code="a">(NjP)11324618-princetondb</subfield>
    </datafield>
    <datafield tag="245" ind1="0" ind2="0">
      <subfield code="a">Frackville</subfield>
    </datafield>
  </record>