
  <record>
    <leader>00625nam a2200193u  4500</leader>
    <controlfield tag="005">20220325150800.0</controlfield>
    <controlfield tag="008">181218s1783    fr |||||||||||000 ||fre d</controlfield>
    <controlfield tag="001">99114257813506421</controlfield>
    <datafield tag="035" ind1=" " ind2=" ">
      <subfield code="a">(Lapidus)1466</subfield>
    </datafield>
    <datafield tag="035" ind1=" " ind2=" ">
      <subfield code="a">(NjP)11425781-princetondb</subfield>
    </datafield>
    <datafield tag="040" ind1=" " ind2=" ">
      <subfield code="a">NjP</subfield>
      <subfield code="b">eng</subfield>
      <subfield code="c">NjP</subfield>
    </datafield>
    <datafield tag="245" ind1="0" ind2="0">
      <subfield code="a">Ordonnance due Roi pour la publication de la Paix. Du 3 Novembre 1783.</subfield>
    </datafield>
    <datafield tag="264" ind1=" " ind2="1">
      <subfield code="a">Paris :</subfield>
      <subfield code="b">Imprimerie Royale</subfield>
      <subfield code="c">1783.</subfield>
    </datafield>
    <datafield tag="300" ind1=" " ind2=" ">
      <subfield code="a">2, [2] pages</subfield>
    </datafield>
    <datafield tag="336" ind1=" " ind2=" ">
      <subfield code="a">text</subfield>
      <subfield code="b">txt</subfield>
      <subfield code="2">rdacontent</subfield>
    </datafield>
    <datafield tag="337" ind1=" " ind2=" ">
      <subfield code="a">unmediated</subfield>
      <subfield code="b">n</subfield>
      <subfield code="2">rdamedia</subfield>
    </datafield>
    <datafield tag="338" ind1=" " ind2=" ">
      <subfield code="a">volume</subfield>
      <subfield code="b">nc</subfield>
      <subfield code="2">rdacarrier</subfield>
    </datafield>
    <datafield tag="852" ind1="8" ind2="0">
      <subfield code="b">hsvr</subfield>
      <subfield code="h">Lapidus Deposit 1466</subfield>
    </datafield>
    <datafield tag="852" ind1="8" ind2="0">
      <subfield code="b">rare</subfield>
      <subfield code="c">hsvr</subfield>
      <subfield code="h">Lapidus Deposit 1466</subfield>
      <subfield code="8">22551187450006421</subfield>
    </datafield>
    <datafield tag="876" ind1=" " ind2=" ">
      <subfield code="0">22551187450006421</subfield>
      <subfield code="j">1</subfield>
      <subfield code="z">hsvr</subfield>
      <subfield code="c">BOOK</subfield>
      <subfield code="p">32101040774653</subfield>
      <subfield code="f">hsvr</subfield>
      <subfield code="t">0</subfield>
      <subfield code="a">23551187440006421</subfield>
      <subfield code="b">Closed</subfield>
      <subfield code="d">2021-07-12 18:55:01</subfield>
      <subfield code="e">rare</subfield>
      <subfield code="y">rare</subfield>
    </datafield>
  </record>