
  <record>
    <leader>03060dam a2200433 i 4500</leader>
    <controlfield tag="005">20201015153755.0</controlfield>
    <controlfield tag="008">190205s2018    pr a     b    000 0 spa d</controlfield>
    <controlfield tag="001">99117116893506421</controlfield>
    <datafield tag="035" ind1=" " ind2=" ">
      <subfield code="a">(OCoLC)on1084485254</subfield>
    </datafield>
    <datafield tag="035" ind1=" " ind2=" ">
      <subfield code="a">11711689</subfield>
    </datafield>
    <datafield tag="035" ind1=" " ind2=" ">
      <subfield code="a">(OCoLC)1084485254</subfield>
    </datafield>
    <datafield tag="035" ind1=" " ind2=" ">
      <subfield code="a">(NjP)11711689-princetondb</subfield>
    </datafield>
    <datafield tag="040" ind1=" " ind2=" ">
      <subfield code="a">PBR</subfield>
      <subfield code="b">eng</subfield>
      <subfield code="e">rda</subfield>
      <subfield code="c">PBR</subfield>
      <subfield code="d">OCLCO</subfield>
      <subfield code="d">OCLCF</subfield>
      <subfield code="d">PIF</subfield>
      <subfield code="d">OCLCO</subfield>
      <subfield code="d">OCL</subfield>
    </datafield>
    <datafield tag="020" ind1=" " ind2=" ">
      <subfield code="a">9781615053568</subfield>
      <subfield code="q">(paperback)</subfield>
    </datafield>
    <datafield tag="020" ind1=" " ind2=" ">
      <subfield code="a">1615053565</subfield>
      <subfield code="q">(paperback)</subfield>
    </datafield>
    <datafield tag="050" ind1="1" ind2="4">
      <subfield code="a">GV721.4.P9</subfield>
      <subfield code="b">B85 2018</subfield>
    </datafield>
    <datafield tag="092" ind1=" " ind2=" ">
      <subfield code="a">796.48097295</subfield>
      <subfield code="b">B932c 2018</subfield>
    </datafield>
    <datafield tag="100" ind1="1" ind2=" ">
      <subfield code="a">Bujosa Rosario, Vilma E.</subfield>
      <subfield code="e">author.</subfield>
      <subfield code="0">http://id.loc.gov/authorities/names/no2019173876</subfield>
    </datafield>
    <datafield tag="245" ind1="1" ind2="3">
      <subfield code="a">El Comité Olímpico de Puerto Rico :</subfield>
      <subfield code="b">la lucha de la soberanía deportiva bajo la subordinación política de los Estados Unidos : 1948-1982 /</subfield>
      <subfield code="c">Vilma E. Bujosa Rosario.</subfield>
    </datafield>
    <datafield tag="246" ind1="3" ind2=" ">
      <subfield code="a">Lucha de la soberanía deportiva bajo la subordinación política de los Estados Unidos : 1948-1982</subfield>
    </datafield>
    <datafield tag="260" ind1=" " ind2=" ">
      <subfield code="a">San Juan Puerto Rico :</subfield>
      <subfield code="b">Publicaciones Gaviota,</subfield>
      <subfield code="c">2018.</subfield>
    </datafield>
    <datafield tag="300" ind1=" " ind2=" ">
      <subfield code="a">282 pages :</subfield>
      <subfield code="b">illustrations ;</subfield>
      <subfield code="c">23 cm</subfield>
    </datafield>
    <datafield tag="336" ind1=" " ind2=" ">
      <subfield code="a">text</subfield>
      <subfield code="b">txt</subfield>
      <subfield code="2">rdacontent</subfield>
    </datafield>
    <datafield tag="337" ind1=" " ind2=" ">
      <subfield code="a">unmediated</subfield>
      <subfield code="b">n</subfield>
      <subfield code="2">rdamedia</subfield>
    </datafield>
    <datafield tag="338" ind1=" " ind2=" ">
      <subfield code="a">volume</subfield>
      <subfield code="b">nc</subfield>
      <subfield code="2">rdacarrier</subfield>
    </datafield>
    <datafield tag="504" ind1=" " ind2=" ">
      <subfield code="a">Bibliography : pages 269-280.</subfield>
    </datafield>
    <datafield tag="505" ind1="0" ind2=" ">
      <subfield code="a">Introducción -- Capítulo I. La Guerra Fría y su impacto en América Latina -- Capítulo II. El Comíte Olímpico Internacional en el contexto de la Guerra Fría -- Capítulo III. Puerto Rico: Situación político-jurídica y el bipartidismo -- Capítulo IV. El desarrollo del deporte puertorriqueño -- Capítulo V. Controversias deportivas por la identidad nacional -- Capítulo VI. La lucha entre la soberanía deportiva y la subordinación política.</subfield>
    </datafield>
    <datafield tag="520" ind1=" " ind2=" ">
      <subfield code="a">Quienes gustan de discutir y filosofar sobre olimpismo, tienen en esta gran obra de la doctora Vilma E. Bujola una asignación obligada. Como nunca antes, el vínculo entre la política y el olimpismo se presenta como protagonista de un texto puertorriqueño. La autora decidió presentar de manera directa, sin tapujos ni medias verdades, la realidad política del olimpismo puertorriqueño. El texto no deja margen a ninguna duda, de que e lolimpismo representa para los puertorriqueños el catalítico principal de nuestro sentido de identidad nacional y que la defensa de nuestra soberanía olímpica ha significado una gesta, digna de encomio.</subfield>
    </datafield>
    <datafield tag="610" ind1="2" ind2="0">
      <subfield code="a">Comité Olímpico de Puerto Rico.</subfield>
      <subfield code="0">http://id.loc.gov/authorities/names/no2001061822</subfield>
    </datafield>
    <datafield tag="650" ind1=" " ind2="0">
      <subfield code="a">Olympics</subfield>
      <subfield code="x">Political aspects</subfield>
      <subfield code="z">Puerto Rico.</subfield>
    </datafield>
    <datafield tag="650" ind1=" " ind2="0">
      <subfield code="a">Sports</subfield>
      <subfield code="x">Political aspects</subfield>
      <subfield code="z">Puerto Rico.</subfield>
    </datafield>
    <datafield tag="650" ind1=" " ind2="0">
      <subfield code="a">Olympics</subfield>
      <subfield code="x">Participation, Puerto Rican.</subfield>
    </datafield>
    <datafield tag="650" ind1=" " ind2="0">
      <subfield code="a">Nationalism and sports</subfield>
      <subfield code="z">Puerto Rico.</subfield>
    </datafield>
    <datafield tag="610" ind1="2" ind2="7">
      <subfield code="a">Comité Olímpico de Puerto Rico.</subfield>
      <subfield code="2">fast</subfield>
      <subfield code="0">(OCoLC)fst00765725</subfield>
    </datafield>
    <datafield tag="650" ind1=" " ind2="7">
      <subfield code="a">Sports</subfield>
      <subfield code="x">Political aspects.</subfield>
      <subfield code="2">fast</subfield>
      <subfield code="0">(OCoLC)fst01130493</subfield>
    </datafield>
    <datafield tag="650" ind1=" " ind2="7">
      <subfield code="a">Nationalism and sports.</subfield>
      <subfield code="2">fast</subfield>
      <subfield code="0">(OCoLC)fst01033894</subfield>
    </datafield>
    <datafield tag="650" ind1=" " ind2="7">
      <subfield code="a">Olympics</subfield>
      <subfield code="x">Political aspects.</subfield>
      <subfield code="2">fast</subfield>
      <subfield code="0">(OCoLC)fst01045600</subfield>
    </datafield>
    <datafield tag="651" ind1=" " ind2="7">
      <subfield code="a">Puerto Rico.</subfield>
      <subfield code="2">fast</subfield>
      <subfield code="0">(OCoLC)fst01205432</subfield>
    </datafield>
    <datafield tag="852" ind1="0" ind2=" ">
      <subfield code="b">firestone</subfield>
      <subfield code="c">stacks</subfield>
      <subfield code="h">GV721.4.P9</subfield>
      <subfield code="i">B85 2018</subfield>
      <subfield code="8">22612133880006421</subfield>
    </datafield>
  </record>