
  <record>
    <leader>00470dam a22001695i 4500</leader>
    <controlfield tag="005">20201015160153.0</controlfield>
    <controlfield tag="008">191211s                      000 0 eng d</controlfield>
    <controlfield tag="001">99117320583506421</controlfield>
    <datafield tag="035" ind1=" " ind2=" ">
      <subfield code="a">11732058</subfield>
    </datafield>
    <datafield tag="035" ind1=" " ind2=" ">
      <subfield code="a">(NjP)11732058-princetondb</subfield>
    </datafield>
    <datafield tag="040" ind1=" " ind2=" ">
      <subfield code="a">NjP</subfield>
      <subfield code="b">eng</subfield>
      <subfield code="e">rda</subfield>
      <subfield code="c">NjP</subfield>
    </datafield>
    <datafield tag="245" ind1="1" ind2="0">
      <subfield code="a">Agricultural finance year book 2019</subfield>
    </datafield>
    <datafield tag="264" ind1=" " ind2="1">
      <subfield code="a">Uganda :</subfield>
      <subfield code="b">EPRC,</subfield>
      <subfield code="c">2019</subfield>
    </datafield>
    <datafield tag="336" ind1=" " ind2=" ">
      <subfield code="a">text</subfield>
      <subfield code="b">txt</subfield>
      <subfield code="2">rdacontent</subfield>
    </datafield>
    <datafield tag="337" ind1=" " ind2=" ">
      <subfield code="a">unmediated</subfield>
      <subfield code="b">n</subfield>
      <subfield code="2">rdamedia</subfield>
    </datafield>
    <datafield tag="338" ind1=" " ind2=" ">
      <subfield code="a">volume</subfield>
      <subfield code="b">nc</subfield>
      <subfield code="2">rdacarrier</subfield>
    </datafield>
    <datafield tag="300" ind1=" " ind2=" ">
      <subfield code="a">130 pages ;</subfield>
      <subfield code="c">28 cm</subfield>
    </datafield>
    <datafield tag="852" ind1="0" ind2=" ">
      <subfield code="b">recap</subfield>
      <subfield code="c">pa</subfield>
      <subfield code="8">22743266820006421</subfield>
    </datafield>
  </record>