
  <record>
    <leader>01234dam a2200349 i 4500</leader>
    <controlfield tag="005">20201015152552.0</controlfield>
    <controlfield tag="008">191011s2019    pr ac         000 0 spa d</controlfield>
    <controlfield tag="001">99118092383506421</controlfield>
    <datafield tag="035" ind1=" " ind2=" ">
      <subfield code="a">(OCoLC)on1122856296</subfield>
    </datafield>
    <datafield tag="035" ind1=" " ind2=" ">
      <subfield code="a">11809238</subfield>
    </datafield>
    <datafield tag="035" ind1=" " ind2=" ">
      <subfield code="a">(OCoLC)1122856296</subfield>
    </datafield>
    <datafield tag="035" ind1=" " ind2=" ">
      <subfield code="a">(NjP)11809238-princetondb</subfield>
    </datafield>
    <datafield tag="040" ind1=" " ind2=" ">
      <subfield code="a">BNG</subfield>
      <subfield code="b">eng</subfield>
      <subfield code="e">rda</subfield>
      <subfield code="c">BNG</subfield>
      <subfield code="d">IUL</subfield>
    </datafield>
    <datafield tag="020" ind1=" " ind2=" ">
      <subfield code="a">9781615053452</subfield>
      <subfield code="q">paperback</subfield>
    </datafield>
    <datafield tag="020" ind1=" " ind2=" ">
      <subfield code="a">161505345X</subfield>
      <subfield code="q">paperback</subfield>
    </datafield>
    <datafield tag="043" ind1=" " ind2=" ">
      <subfield code="a">nwpr---</subfield>
    </datafield>
    <datafield tag="050" ind1="0" ind2="4">
      <subfield code="a">GV863.P9</subfield>
      <subfield code="b">R63 2019</subfield>
    </datafield>
    <datafield tag="100" ind1="1" ind2=" ">
      <subfield code="a">Rodríguez Juliá, Edgardo,</subfield>
      <subfield code="d">1946-</subfield>
      <subfield code="e">author.</subfield>
      <subfield code="0">http://id.loc.gov/authorities/names/n81034803</subfield>
    </datafield>
    <datafield tag="245" ind1="1" ind2="3">
      <subfield code="a">El béisbol romántico /</subfield>
      <subfield code="c">Edgardo Rodríguez Juliá.</subfield>
    </datafield>
    <datafield tag="264" ind1=" " ind2="1">
      <subfield code="a">San Juan :</subfield>
      <subfield code="b">Ediciones Callejón,</subfield>
      <subfield code="c">2019.</subfield>
    </datafield>
    <datafield tag="300" ind1=" " ind2=" ">
      <subfield code="a">143 pages :</subfield>
      <subfield code="b">illustrations, portraits ;</subfield>
      <subfield code="c">22 cm.</subfield>
    </datafield>
    <datafield tag="336" ind1=" " ind2=" ">
      <subfield code="a">text</subfield>
      <subfield code="b">txt</subfield>
      <subfield code="2">rdacontent</subfield>
    </datafield>
    <datafield tag="337" ind1=" " ind2=" ">
      <subfield code="a">unmediated</subfield>
      <subfield code="b">n</subfield>
      <subfield code="2">rdamedia</subfield>
    </datafield>
    <datafield tag="338" ind1=" " ind2=" ">
      <subfield code="a">volume</subfield>
      <subfield code="b">nc</subfield>
      <subfield code="2">rdacarrier</subfield>
    </datafield>
    <datafield tag="490" ind1="1" ind2=" ">
      <subfield code="a">Colección En fuga</subfield>
    </datafield>
    <datafield tag="650" ind1=" " ind2="0">
      <subfield code="a">Baseball</subfield>
      <subfield code="z">Puerto Rico.</subfield>
    </datafield>
    <datafield tag="650" ind1=" " ind2="0">
      <subfield code="a">Negro leagues</subfield>
      <subfield code="z">Puerto Rico.</subfield>
    </datafield>
    <datafield tag="650" ind1=" " ind2="7">
      <subfield code="a">Baseball.</subfield>
      <subfield code="2">fast</subfield>
      <subfield code="0">(OCoLC)fst00827904</subfield>
    </datafield>
    <datafield tag="650" ind1=" " ind2="7">
      <subfield code="a">Negro leagues.</subfield>
      <subfield code="2">fast</subfield>
      <subfield code="0">(OCoLC)fst01035591</subfield>
    </datafield>
    <datafield tag="651" ind1=" " ind2="7">
      <subfield code="a">Puerto Rico.</subfield>
      <subfield code="2">fast</subfield>
      <subfield code="0">(OCoLC)fst01205432</subfield>
    </datafield>
    <datafield tag="830" ind1=" " ind2="0">
      <subfield code="a">Colección En fuga.</subfield>
      <subfield code="p">Ensayos</subfield>
    </datafield>
    <datafield tag="852" ind1="0" ind2=" ">
      <subfield code="b">firestone</subfield>
      <subfield code="c">stacks</subfield>
      <subfield code="h">GV863.P9</subfield>
      <subfield code="i">R63 2019</subfield>
      <subfield code="8">22726407160006421</subfield>
    </datafield>
  </record>