
  <record>
    <leader>03000cam a2200541 i 4500</leader>
    <controlfield tag="005">20220324143108.0</controlfield>
    <controlfield tag="008">851106s1826    it aef        000 0 ita d</controlfield>
    <controlfield tag="001">99118832283506421</controlfield>
    <datafield tag="019" ind1=" " ind2=" ">
      <subfield code="a">39245726</subfield>
      <subfield code="a">1008036746</subfield>
    </datafield>
    <datafield tag="024" ind1="7" ind2=" ">
      <subfield code="a">urn:nbn:de:bvb:12-bsb10211736-2</subfield>
      <subfield code="2">urn</subfield>
    </datafield>
    <datafield tag="035" ind1=" " ind2=" ">
      <subfield code="a">(OCoLC)84546538</subfield>
      <subfield code="z">(OCoLC)39245726</subfield>
      <subfield code="z">(OCoLC)1008036746</subfield>
    </datafield>
    <datafield tag="035" ind1=" " ind2=" ">
      <subfield code="a">(OCoLC)ocm84546538 </subfield>
    </datafield>
    <datafield tag="035" ind1=" " ind2=" ">
      <subfield code="a">(NjP)11883228-princetondb</subfield>
    </datafield>
    <datafield tag="040" ind1=" " ind2=" ">
      <subfield code="a">JPG</subfield>
      <subfield code="b">eng</subfield>
      <subfield code="e">rda</subfield>
      <subfield code="c">JPG</subfield>
      <subfield code="d">OCLCG</subfield>
      <subfield code="d">DEBBG</subfield>
      <subfield code="d">UKMGB</subfield>
      <subfield code="d">OCLCO</subfield>
      <subfield code="d">OCLCQ</subfield>
      <subfield code="d">OCLCF</subfield>
      <subfield code="d">OCLCO</subfield>
      <subfield code="d">OCLCQ</subfield>
      <subfield code="d">OCLCO</subfield>
      <subfield code="d">PUL</subfield>
    </datafield>
    <datafield tag="041" ind1=" " ind2=" ">
      <subfield code="a">ita</subfield>
      <subfield code="a">fre</subfield>
    </datafield>
    <datafield tag="043" ind1=" " ind2=" ">
      <subfield code="a">e-it---</subfield>
    </datafield>
    <datafield tag="050" ind1="1" ind2="4">
      <subfield code="a">NA9370.F21</subfield>
      <subfield code="b">M26 1826</subfield>
    </datafield>
    <datafield tag="084" ind1=" " ind2=" ">
      <subfield code="a">6,12</subfield>
      <subfield code="2">ssgn</subfield>
    </datafield>
    <datafield tag="090" ind1=" " ind2=" ">
      <subfield code="a">NA9370.F21</subfield>
      <subfield code="b">M26 1826f</subfield>
      <subfield code="k">Oversize</subfield>
    </datafield>
    <datafield tag="100" ind1="1" ind2=" ">
      <subfield code="a">Mancini, Pompeo,</subfield>
      <subfield code="e">author,</subfield>
      <subfield code="e">illustrator.</subfield>
    </datafield>
    <datafield tag="245" ind1="1" ind2="0">
      <subfield code="a">Illustrazione dell'arco di Augusto in Fano /</subfield>
      <subfield code="c">dell'ingegnere Pompeo Mancini ; con una lettera archeologica del signor Bartolomeo Borghesi al signor marchese Antaldo Antaldi.</subfield>
    </datafield>
    <datafield tag="264" ind1=" " ind2="1">
      <subfield code="a">Pesaro :</subfield>
      <subfield code="b">Tipografia di Annesio Nobili,</subfield>
      <subfield code="c">1826.</subfield>
    </datafield>
    <datafield tag="300" ind1=" " ind2=" ">
      <subfield code="a">28 pages, 2 unnumbered pages, 7 leaves of plates (some folded) :</subfield>
      <subfield code="b">illustrations, plans ;</subfield>
      <subfield code="c">47 cm</subfield>
    </datafield>
    <datafield tag="336" ind1=" " ind2=" ">
      <subfield code="a">text</subfield>
      <subfield code="b">txt</subfield>
      <subfield code="2">rdacontent</subfield>
    </datafield>
    <datafield tag="336" ind1=" " ind2=" ">
      <subfield code="a">still image</subfield>
      <subfield code="b">sti</subfield>
      <subfield code="2">rdacontent</subfield>
    </datafield>
    <datafield tag="337" ind1=" " ind2=" ">
      <subfield code="a">unmediated</subfield>
      <subfield code="b">n</subfield>
      <subfield code="2">rdamedia</subfield>
    </datafield>
    <datafield tag="338" ind1=" " ind2=" ">
      <subfield code="a">volume</subfield>
      <subfield code="b">nc</subfield>
      <subfield code="2">rdacarrier</subfield>
    </datafield>
    <datafield tag="340" ind1=" " ind2=" ">
      <subfield code="m">folio</subfield>
      <subfield code="2">rdabf</subfield>
    </datafield>
    <datafield tag="501" ind1=" " ind2=" ">
      <subfield code="a">Princeton copy 1 with: Vita della gran madre di dio incisa in XXII rami / da Felice Polanzani. Roma: Venanzio Monaldini, 1783. Picturae Francisci Albani in aede verospia. Roma: Io. Hieronymus Frezza, 1704.</subfield>
      <subfield code="5">NjP</subfield>
    </datafield>
    <datafield tag="546" ind1=" " ind2=" ">
      <subfield code="a">Chiefly in Italian, with a letter in French appearing on page [9].</subfield>
    </datafield>
    <datafield tag="650" ind1=" " ind2="0">
      <subfield code="a">Arch of Augustus (Fano, Italy)</subfield>
    </datafield>
    <datafield tag="650" ind1=" " ind2="0">
      <subfield code="a">Triumphal arches</subfield>
      <subfield code="z">Italy</subfield>
      <subfield code="z">Fano.</subfield>
    </datafield>
    <datafield tag="650" ind1=" " ind2="0">
      <subfield code="a">Inscriptions, Latin</subfield>
      <subfield code="z">Italy</subfield>
      <subfield code="z">Fano.</subfield>
    </datafield>
    <datafield tag="651" ind1=" " ind2="0">
      <subfield code="a">Fano (Italy)</subfield>
      <subfield code="x">Antiquities, Roman.</subfield>
    </datafield>
    <datafield tag="650" ind1=" " ind2="7">
      <subfield code="a">Arch of Augustus (Fano, Italy)</subfield>
      <subfield code="2">fast</subfield>
      <subfield code="0">(OCoLC)fst01937440</subfield>
    </datafield>
    <datafield tag="650" ind1=" " ind2="7">
      <subfield code="a">Classical antiquities.</subfield>
      <subfield code="2">fast</subfield>
      <subfield code="0">(OCoLC)fst00863445</subfield>
    </datafield>
    <datafield tag="650" ind1=" " ind2="7">
      <subfield code="a">Inscriptions, Latin.</subfield>
      <subfield code="2">fast</subfield>
      <subfield code="0">(OCoLC)fst00973901</subfield>
    </datafield>
    <datafield tag="650" ind1=" " ind2="7">
      <subfield code="a">Triumphal arches.</subfield>
      <subfield code="2">fast</subfield>
      <subfield code="0">(OCoLC)fst01157256</subfield>
    </datafield>
    <datafield tag="651" ind1=" " ind2="7">
      <subfield code="a">Italy</subfield>
      <subfield code="z">Fano.</subfield>
      <subfield code="2">fast</subfield>
      <subfield code="0">(OCoLC)fst01210827</subfield>
    </datafield>
    <datafield tag="655" ind1=" " ind2="7">
      <subfield code="a">Architectural drawings.</subfield>
      <subfield code="2">lcgft</subfield>
    </datafield>
    <datafield tag="655" ind1=" " ind2="7">
      <subfield code="a">Engravings.</subfield>
      <subfield code="2">lcgft</subfield>
    </datafield>
    <datafield tag="700" ind1="1" ind2=" ">
      <subfield code="a">Borghesi, Bartolomeo,</subfield>
      <subfield code="d">1782-1860,</subfield>
      <subfield code="e">writer of supplementary textual content.</subfield>
    </datafield>
    <datafield tag="700" ind1="1" ind2=" ">
      <subfield code="a">Nobili, Annesio,</subfield>
      <subfield code="d">1777-1835,</subfield>
      <subfield code="e">publisher.</subfield>
    </datafield>
    <datafield tag="773" ind1="0" ind2=" ">
      <subfield code="w">99125464771906421</subfield>
    </datafield>
    <datafield tag="776" ind1="0" ind2="8">
      <subfield code="i">Elektronische Reproduktion:.</subfield>
      <subfield code="d">München : Bayerische Staatsbibliothek, 2010</subfield>
      <subfield code="o">urn:nbn:de:bvb:12-bsb10211736-2</subfield>
    </datafield>
    <datafield tag="856" ind1="4" ind2="1">
      <subfield code="3">Volltext // Exemplar mit der Signatur: München, Bayerische Staatsbibliothek -- 2 Arch. 149 m</subfield>
      <subfield code="u">http://mdz-nbn-resolving.de/urn:nbn:de:bvb:12-bsb10211736-2</subfield>
      <subfield code="z">kostenfrei</subfield>
    </datafield>
    <datafield tag="856" ind1="4" ind2=" ">
      <subfield code="3">Volltext // 2010 digitalisiert von: Bayerische Staatsbibliothek, München. Exemplar der Bayerischen Staatsbibliothek mit der Signatur: 2 Arch. 149 m</subfield>
      <subfield code="u">http://www.mdz-nbn-resolving.de/urn/resolver.pl?urn=urn:nbn:de:bvb:12-bsb10211736-2</subfield>
      <subfield code="z">kostenfrei</subfield>
    </datafield>
    <datafield tag="852" ind1="0" ind2=" ">
      <subfield code="b">marquand</subfield>
      <subfield code="c">x</subfield>
      <subfield code="8">22660717510006421</subfield>
    </datafield>
    <datafield tag="876" ind1=" " ind2=" ">
      <subfield code="0">22660717510006421</subfield>
      <subfield code="j">0</subfield>
      <subfield code="x">WORK_ORDER_DEPARTMENT</subfield>
      <subfield code="z">x</subfield>
      <subfield code="c">BOOK</subfield>
      <subfield code="p">Voyager-8450010</subfield>
      <subfield code="f">x</subfield>
      <subfield code="t">0</subfield>
      <subfield code="a">23660717480006421</subfield>
      <subfield code="b">Gen</subfield>
      <subfield code="d">2021-07-13 04:58:54</subfield>
      <subfield code="e">marquand</subfield>
      <subfield code="y">marquand</subfield>
    </datafield>
  </record>