
  <record>
    <leader>02415cam a2200445Mi 4500</leader>
    <controlfield tag="005">20220328104737.0</controlfield>
    <controlfield tag="008">121214s1789    ja a          000 0 jpn d</controlfield>
    <controlfield tag="001">99119430283506421</controlfield>
    <datafield tag="035" ind1=" " ind2=" ">
      <subfield code="a">(OCoLC)ocn841453397</subfield>
    </datafield>
    <datafield tag="035" ind1=" " ind2=" ">
      <subfield code="a">11943028</subfield>
    </datafield>
    <datafield tag="035" ind1=" " ind2=" ">
      <subfield code="a">(OCoLC)841453397</subfield>
    </datafield>
    <datafield tag="035" ind1=" " ind2=" ">
      <subfield code="a">(NjP)11943028-princetondb</subfield>
    </datafield>
    <datafield tag="040" ind1=" " ind2=" ">
      <subfield code="a">NNMM</subfield>
      <subfield code="b">eng</subfield>
      <subfield code="e">rda</subfield>
      <subfield code="c">MZA</subfield>
      <subfield code="d">OCLCO</subfield>
      <subfield code="d">OCLCQ</subfield>
      <subfield code="d">OCLCF</subfield>
      <subfield code="d">OCLCQ</subfield>
    </datafield>
    <datafield tag="043" ind1=" " ind2=" ">
      <subfield code="a">zmo----</subfield>
    </datafield>
    <datafield tag="100" ind1="1" ind2=" ">
      <subfield code="a">Kitagawa, Utamaro,</subfield>
      <subfield code="d">1753?-1806.</subfield>
      <subfield code="0">http://id.loc.gov/authorities/names/n50049864</subfield>
    </datafield>
    <datafield tag="245" ind1="1" ind2="4">
      <subfield code="a">The moon-mad monk, or crazy gazing at the moon (Kyōgetsubō).</subfield>
    </datafield>
    <datafield tag="246" ind1="3" ind2=" ">
      <subfield code="a">Kyōgetsubō</subfield>
    </datafield>
    <datafield tag="264" ind1=" " ind2="0">
      <subfield code="a">Japan :</subfield>
      <subfield code="b">[publisher not identified],</subfield>
      <subfield code="c">1789.</subfield>
    </datafield>
    <datafield tag="300" ind1=" " ind2=" ">
      <subfield code="a">10 leaves :</subfield>
      <subfield code="b">color illustrations ;</subfield>
      <subfield code="c">26 cm</subfield>
    </datafield>
    <datafield tag="336" ind1=" " ind2=" ">
      <subfield code="a">text</subfield>
      <subfield code="b">txt</subfield>
      <subfield code="2">rdacontent</subfield>
    </datafield>
    <datafield tag="336" ind1=" " ind2=" ">
      <subfield code="a">still image</subfield>
      <subfield code="b">sti</subfield>
      <subfield code="2">rdacontent</subfield>
    </datafield>
    <datafield tag="337" ind1=" " ind2=" ">
      <subfield code="a">unmediated</subfield>
      <subfield code="b">n</subfield>
      <subfield code="2">rdamedia</subfield>
    </datafield>
    <datafield tag="338" ind1=" " ind2=" ">
      <subfield code="a">volume</subfield>
      <subfield code="b">nc</subfield>
      <subfield code="2">rdacarrier</subfield>
    </datafield>
    <datafield tag="500" ind1=" " ind2=" ">
      <subfield code="a">Polychrome woodblock printed book, ink and color on paper.</subfield>
    </datafield>
    <datafield tag="500" ind1=" " ind2=" ">
      <subfield code="a">Title from from Metropolitan Museum of Art collection database record.</subfield>
    </datafield>
    <datafield tag="505" ind1="0" ind2=" ">
      <subfield code="a">Illustrations: Moon-viewing in Yoshiwara (Yoshiwara no tsukimi) -- Moon over a mountain and moor (Sanya no tsuki) -- The bay at Akashi (Akashi no ura) -- Moon over a rural scene (Dempi no tsuki) -- Palace in the moon (Gekkyu-den).</subfield>
    </datafield>
    <datafield tag="520" ind1=" " ind2=" ">
      <subfield code="a">A compilation by Ki no Sadamaru of seventy-two 'kyoka' poems on the theme of the moon. All of Utamaro's illustrations also feature the full moon. This is the first of three anthologies published on the theme of "Snow, Moon and Flowers" (Setsugekka). The title, "Moon-mad Monk" (Kyogetsu-bo) is thought to be a reference to the poet Kyogetsubo (Reisei Tamemori, 1265-1328), who was held to be the founder of the lineage of 'kyoka' poets.</subfield>
    </datafield>
    <datafield tag="500" ind1=" " ind2=" ">
      <subfield code="3">Princeton copy 2</subfield>
      <subfield code="a">Worm-damaged.</subfield>
      <subfield code="5">NjP</subfield>
    </datafield>
    <datafield tag="500" ind1=" " ind2=" ">
      <subfield code="a">Added as copy to 9964272363506421, 2266507469000642.  DRT.</subfield>
    </datafield>
    <datafield tag="600" ind1="1" ind2="0">
      <subfield code="a">Reisei Tamemori,</subfield>
      <subfield code="d">1265-1328.</subfield>
    </datafield>
    <datafield tag="651" ind1=" " ind2="0">
      <subfield code="a">Moon</subfield>
      <subfield code="v">In art.</subfield>
      <subfield code="0">http://id.loc.gov/authorities/subjects/sh85087150</subfield>
    </datafield>
    <datafield tag="651" ind1=" " ind2="0">
      <subfield code="a">Moon</subfield>
      <subfield code="x">In literature.</subfield>
      <subfield code="0">http://id.loc.gov/authorities/subjects/sh95006582</subfield>
    </datafield>
    <datafield tag="650" ind1=" " ind2="7">
      <subfield code="a">Literature.</subfield>
      <subfield code="2">fast</subfield>
      <subfield code="0">(OCoLC)fst00999953</subfield>
    </datafield>
    <datafield tag="651" ind1=" " ind2="7">
      <subfield code="a">Moon.</subfield>
      <subfield code="2">fast</subfield>
      <subfield code="0">(OCoLC)fst01240375</subfield>
    </datafield>
    <datafield tag="655" ind1=" " ind2="7">
      <subfield code="a">Illustrated books.</subfield>
      <subfield code="2">lcgft</subfield>
    </datafield>
    <datafield tag="655" ind1=" " ind2="7">
      <subfield code="a">Art.</subfield>
      <subfield code="2">fast</subfield>
      <subfield code="0">(OCoLC)fst01423702</subfield>
    </datafield>
    <datafield tag="700" ind1="1" ind2=" ">
      <subfield code="a">Sadamaru, Ki.</subfield>
    </datafield>
  </record>