
  <record>
    <leader>02155dam a2200505Ii 4500</leader>
    <controlfield tag="005">20201015201846.0</controlfield>
    <controlfield tag="008">191120s2020    enk      b    001 0 eng d</controlfield>
    <controlfield tag="001">99119506483506421</controlfield>
    <datafield tag="035" ind1=" " ind2=" ">
      <subfield code="9">(YDXIT)16536397</subfield>
    </datafield>
    <datafield tag="035" ind1=" " ind2=" ">
      <subfield code="a">11950648</subfield>
    </datafield>
    <datafield tag="035" ind1=" " ind2=" ">
      <subfield code="a">(OCoLC)1127934888</subfield>
    </datafield>
    <datafield tag="035" ind1=" " ind2=" ">
      <subfield code="a">(NjP)11950648-princetondb</subfield>
    </datafield>
    <datafield tag="040" ind1=" " ind2=" ">
      <subfield code="a">YDX</subfield>
      <subfield code="b">eng</subfield>
      <subfield code="e">rda</subfield>
      <subfield code="c">YDX</subfield>
      <subfield code="d">UKMGB</subfield>
      <subfield code="d">OCLCO</subfield>
      <subfield code="d">OCLCF</subfield>
      <subfield code="d">YDXIT</subfield>
    </datafield>
    <datafield tag="020" ind1=" " ind2=" ">
      <subfield code="a">1788165144</subfield>
      <subfield code="q">hardcover</subfield>
    </datafield>
    <datafield tag="020" ind1=" " ind2=" ">
      <subfield code="a">9781788165143</subfield>
      <subfield code="q">hardcover</subfield>
    </datafield>
    <datafield tag="020" ind1=" " ind2=" ">
      <subfield code="z">9781782837008</subfield>
      <subfield code="q">ePub ebook</subfield>
    </datafield>
    <datafield tag="050" ind1=" " ind2="4">
      <subfield code="a">HQ73</subfield>
      <subfield code="b">.G48 2020</subfield>
    </datafield>
    <datafield tag="082" ind1="0" ind2="4">
      <subfield code="a">306.76</subfield>
      <subfield code="2">23</subfield>
    </datafield>
    <datafield tag="100" ind1="1" ind2=" ">
      <subfield code="a">Gevisser, Mark,</subfield>
      <subfield code="e">author.</subfield>
      <subfield code="0">http://id.loc.gov/authorities/names/n94055237</subfield>
    </datafield>
    <datafield tag="245" ind1="1" ind2="4">
      <subfield code="a">The pink line :</subfield>
      <subfield code="b">the world's queer frontiers /</subfield>
      <subfield code="c">Mark Gevisser.</subfield>
    </datafield>
    <datafield tag="264" ind1=" " ind2="1">
      <subfield code="a">London :</subfield>
      <subfield code="b">Profile Books Ltd,</subfield>
      <subfield code="c">2020.</subfield>
    </datafield>
    <datafield tag="300" ind1=" " ind2=" ">
      <subfield code="a">xv, 525 pages ;</subfield>
      <subfield code="c">24 cm</subfield>
    </datafield>
    <datafield tag="336" ind1=" " ind2=" ">
      <subfield code="a">text</subfield>
      <subfield code="b">txt</subfield>
      <subfield code="2">rdacontent</subfield>
    </datafield>
    <datafield tag="337" ind1=" " ind2=" ">
      <subfield code="a">unmediated</subfield>
      <subfield code="b">n</subfield>
      <subfield code="2">rdamedia</subfield>
    </datafield>
    <datafield tag="338" ind1=" " ind2=" ">
      <subfield code="a">volume</subfield>
      <subfield code="b">nc</subfield>
      <subfield code="2">rdacarrier</subfield>
    </datafield>
    <datafield tag="500" ind1=" " ind2=" ">
      <subfield code="a">Published in the US by Farrar, Straus &amp; Giroux, 2020.</subfield>
    </datafield>
    <datafield tag="504" ind1=" " ind2=" ">
      <subfield code="a">Includes bibliographical references and index.</subfield>
    </datafield>
    <datafield tag="650" ind1=" " ind2="0">
      <subfield code="a">Sexual minorities</subfield>
      <subfield code="x">Social conditions</subfield>
      <subfield code="y">21st century.</subfield>
    </datafield>
    <datafield tag="650" ind1=" " ind2="0">
      <subfield code="a">Gay rights.</subfield>
      <subfield code="0">http://id.loc.gov/authorities/subjects/sh94009215</subfield>
    </datafield>
    <datafield tag="650" ind1=" " ind2="0">
      <subfield code="a">Gender identity.</subfield>
      <subfield code="0">http://id.loc.gov/authorities/subjects/sh91003756</subfield>
    </datafield>
    <datafield tag="650" ind1=" " ind2="0">
      <subfield code="a">Gay liberation movement.</subfield>
      <subfield code="0">http://id.loc.gov/authorities/subjects/sh85053580</subfield>
    </datafield>
    <datafield tag="650" ind1=" " ind2="0">
      <subfield code="a">Homosexuality</subfield>
      <subfield code="x">Social aspects.</subfield>
      <subfield code="0">http://id.loc.gov/authorities/subjects/sh2009126499</subfield>
    </datafield>
    <datafield tag="650" ind1=" " ind2="0">
      <subfield code="a">Gender nonconformity</subfield>
      <subfield code="x">Social aspects.</subfield>
    </datafield>
    <datafield tag="650" ind1=" " ind2="0">
      <subfield code="a">Gays</subfield>
      <subfield code="x">Legal status, laws, etc.</subfield>
      <subfield code="0">http://id.loc.gov/authorities/subjects/sh94001615</subfield>
    </datafield>
    <datafield tag="650" ind1=" " ind2="0">
      <subfield code="a">Gender-nonconforming people</subfield>
      <subfield code="x">Legal status, laws, etc.</subfield>
    </datafield>
    <datafield tag="650" ind1=" " ind2="7">
      <subfield code="a">Gay liberation movement.</subfield>
      <subfield code="2">fast</subfield>
      <subfield code="0">(OCoLC)fst00939104</subfield>
    </datafield>
    <datafield tag="650" ind1=" " ind2="7">
      <subfield code="a">Gay rights.</subfield>
      <subfield code="2">fast</subfield>
      <subfield code="0">(OCoLC)fst00939213</subfield>
    </datafield>
    <datafield tag="650" ind1=" " ind2="7">
      <subfield code="a">Gays</subfield>
      <subfield code="x">Legal status, laws, etc.</subfield>
      <subfield code="2">fast</subfield>
      <subfield code="0">(OCoLC)fst00939281</subfield>
    </datafield>
    <datafield tag="650" ind1=" " ind2="7">
      <subfield code="a">Homosexuality</subfield>
      <subfield code="x">Social aspects.</subfield>
      <subfield code="2">fast</subfield>
      <subfield code="0">(OCoLC)fst00959809</subfield>
    </datafield>
    <datafield tag="776" ind1="0" ind2="8">
      <subfield code="i">ebook version :</subfield>
      <subfield code="z">9781782837008</subfield>
    </datafield>
    <datafield tag="852" ind1="0" ind2=" ">
      <subfield code="b">firestone</subfield>
      <subfield code="c">stacks</subfield>
      <subfield code="h">HQ73</subfield>
      <subfield code="i">.G48 2020</subfield>
      <subfield code="8">22648663780006421</subfield>
    </datafield>
  </record>