
  <record>
    <leader>02455dam a2200433 i 4500</leader>
    <controlfield tag="005">20210503101603.0</controlfield>
    <controlfield tag="008">200918t20192019pr a     b    000 0 spa  </controlfield>
    <controlfield tag="001">99121070833506421</controlfield>
    <datafield tag="010" ind1=" " ind2=" ">
      <subfield code="a">  2020468439</subfield>
    </datafield>
    <datafield tag="019" ind1=" " ind2=" ">
      <subfield code="a">1204301831</subfield>
    </datafield>
    <datafield tag="020" ind1=" " ind2=" ">
      <subfield code="a">9780999737453</subfield>
    </datafield>
    <datafield tag="020" ind1=" " ind2=" ">
      <subfield code="a">0999737457</subfield>
    </datafield>
    <datafield tag="020" ind1=" " ind2=" ">
      <subfield code="z">9780999737446</subfield>
    </datafield>
    <datafield tag="035" ind1=" " ind2=" ">
      <subfield code="a">(OCoLC)on1200842431</subfield>
    </datafield>
    <datafield tag="035" ind1=" " ind2=" ">
      <subfield code="a">(OCoLC)1200842431</subfield>
      <subfield code="z">(OCoLC)1204301831</subfield>
    </datafield>
    <datafield tag="035" ind1=" " ind2=" ">
      <subfield code="a">12107083</subfield>
    </datafield>
    <datafield tag="035" ind1=" " ind2=" ">
      <subfield code="a">(NjP)12107083-princetondb</subfield>
    </datafield>
    <datafield tag="035" ind1=" " ind2=" ">
      <subfield code="z">(OCoLC)1204301831</subfield>
    </datafield>
    <datafield tag="040" ind1=" " ind2=" ">
      <subfield code="a">DLC</subfield>
      <subfield code="b">eng</subfield>
      <subfield code="e">rda</subfield>
      <subfield code="c">DLC</subfield>
      <subfield code="d">BNG</subfield>
      <subfield code="d">OCLCF</subfield>
      <subfield code="d">PIT</subfield>
      <subfield code="d">OCLCO</subfield>
      <subfield code="d">UIU</subfield>
      <subfield code="d">NDD</subfield>
      <subfield code="d">UBY</subfield>
    </datafield>
    <datafield tag="042" ind1=" " ind2=" ">
      <subfield code="a">pcc</subfield>
    </datafield>
    <datafield tag="043" ind1=" " ind2=" ">
      <subfield code="a">nwpr---</subfield>
    </datafield>
    <datafield tag="050" ind1="0" ind2="0">
      <subfield code="a">GV592.P8</subfield>
      <subfield code="b">N33 2019</subfield>
    </datafield>
    <datafield tag="245" ind1="0" ind2="3">
      <subfield code="a">La nación atlética :</subfield>
      <subfield code="b">(ensayos sobre historia y cultura deportiva en Puerto Rico) /</subfield>
      <subfield code="c">Walter R. Bonilla Carlo, Carlos Mendoza Acevedo, editores.</subfield>
    </datafield>
    <datafield tag="246" ind1="3" ind2="0">
      <subfield code="a">Ensayos sobre historia y cultura deportiva en Puerto Rico</subfield>
    </datafield>
    <datafield tag="264" ind1=" " ind2="1">
      <subfield code="a">Aguadilla, PR :</subfield>
      <subfield code="b">Editorial Arco de Plata,</subfield>
      <subfield code="c">[2019]</subfield>
    </datafield>
    <datafield tag="264" ind1=" " ind2="4">
      <subfield code="c">©2019</subfield>
    </datafield>
    <datafield tag="300" ind1=" " ind2=" ">
      <subfield code="a">352 pages :</subfield>
      <subfield code="b">illustrations (some color) ;</subfield>
      <subfield code="c">22 cm</subfield>
    </datafield>
    <datafield tag="336" ind1=" " ind2=" ">
      <subfield code="a">text</subfield>
      <subfield code="b">txt</subfield>
      <subfield code="2">rdacontent</subfield>
    </datafield>
    <datafield tag="337" ind1=" " ind2=" ">
      <subfield code="a">unmediated</subfield>
      <subfield code="b">n</subfield>
      <subfield code="2">rdamedia</subfield>
    </datafield>
    <datafield tag="338" ind1=" " ind2=" ">
      <subfield code="a">volume</subfield>
      <subfield code="b">nc</subfield>
      <subfield code="2">rdacarrier</subfield>
    </datafield>
    <datafield tag="504" ind1=" " ind2=" ">
      <subfield code="a">Includes bibliographical references.</subfield>
    </datafield>
    <datafield tag="505" ind1="0" ind2=" ">
      <subfield code="a">El beísbol estadounidense como instrumento de asimilación en Puerto y en Cuba (1895-1920) / por Carlos M. González Cruz -- La construcción de la identidad deportiva internacional de Puerto Rico, 1930-1946 / por Félix R. Huertas González -- FUtbol e identidad puertorriqueña / por Luis Reinaldo Alvarez Vázquez -- El deporte y la Segunda Guerra Mundial en Puerto Rico / por Eric J. López Jorge -- Deporte, historia y política : una mirada a los X Juegos Centroamericanos y del Caribe de1966 / por Alex Figueroa Cancel -- La identidad de la mujer dentro de los deporte de combate en Puerto Rico / por Lourdes Báez Rosario -- Nuevas relaciones de género en el deporte puertorriqueño / por Delia Lizardi Ortiz -- Los nuyoricans y su impacto en el baloncesto nacional puertorriqueño / por José J. Ruiz Pérez -- Relación entre deporte y política en Puerto Rico / por José "Pepen" Fernández Colón.</subfield>
    </datafield>
    <datafield tag="650" ind1=" " ind2="0">
      <subfield code="a">Sports</subfield>
      <subfield code="z">Puerto Rico</subfield>
      <subfield code="x">History.</subfield>
    </datafield>
    <datafield tag="650" ind1=" " ind2="7">
      <subfield code="a">Sports.</subfield>
      <subfield code="2">fast</subfield>
      <subfield code="0">(OCoLC)fst01130432</subfield>
    </datafield>
    <datafield tag="651" ind1=" " ind2="7">
      <subfield code="a">Puerto Rico.</subfield>
      <subfield code="2">fast</subfield>
      <subfield code="0">(OCoLC)fst01205432</subfield>
    </datafield>
    <datafield tag="655" ind1=" " ind2="7">
      <subfield code="a">History.</subfield>
      <subfield code="2">fast</subfield>
      <subfield code="0">(OCoLC)fst01411628</subfield>
    </datafield>
    <datafield tag="700" ind1="1" ind2=" ">
      <subfield code="a">Bonilla, Walter R.,</subfield>
      <subfield code="e">editor.</subfield>
    </datafield>
    <datafield tag="700" ind1="1" ind2=" ">
      <subfield code="a">Mendoza Acevedo, Carlos,</subfield>
      <subfield code="e">editor.</subfield>
    </datafield>
    <datafield tag="852" ind1="0" ind2=" ">
      <subfield code="b">firestone</subfield>
      <subfield code="c">stacks</subfield>
      <subfield code="h">GV592.P8</subfield>
      <subfield code="i">N33 2019</subfield>
      <subfield code="8">22639991770006421</subfield>
    </datafield>
  </record>