
  <record>
    <leader>00419dam a22001215i 4500</leader>
    <controlfield tag="005">20210309090609.0</controlfield>
    <controlfield tag="008">210309s                      000 0 eng d</controlfield>
    <controlfield tag="001">99123375683506421</controlfield>
    <datafield tag="040" ind1=" " ind2=" ">
      <subfield code="a">NjP</subfield>
      <subfield code="b">eng</subfield>
      <subfield code="e">rda</subfield>
      <subfield code="c">NjP</subfield>
    </datafield>
    <datafield tag="245" ind1="1" ind2="0">
      <subfield code="a">Respublika Tatarstan. Statisticheskii ezhegodnik = The Republic of Tatarstan. Statistical yearbook</subfield>
    </datafield>
    <datafield tag="246" ind1="3" ind2=" ">
      <subfield code="a">Republic of Tatarstan. Statistical yearbook</subfield>
    </datafield>
    <datafield tag="264" ind1=" " ind2="1">
      <subfield code="a">Kazan' :</subfield>
      <subfield code="b">Tatarstanstat,</subfield>
    </datafield>
    <datafield tag="035" ind1=" " ind2=" ">
      <subfield code="a">(NjP)12337568-princetondb</subfield>
    </datafield>
    <datafield tag="852" ind1="0" ind2=" ">
      <subfield code="b">recap</subfield>
      <subfield code="c">pa</subfield>
      <subfield code="8">22672531060006421</subfield>
    </datafield>
  </record>