
  <record>
    <leader>00492nam a22001695i 4500</leader>
    <controlfield tag="005">20210415162617.0</controlfield>
    <controlfield tag="008">210415s2019                  000 0 spa d</controlfield>
    <controlfield tag="001">99124156623506421</controlfield>
    <datafield tag="020" ind1=" " ind2=" ">
      <subfield code="a">9786075491219</subfield>
    </datafield>
    <datafield tag="040" ind1=" " ind2=" ">
      <subfield code="a">NjP</subfield>
      <subfield code="b">eng</subfield>
      <subfield code="e">rda</subfield>
      <subfield code="c">NjP</subfield>
    </datafield>
    <datafield tag="245" ind1="0" ind2="0">
      <subfield code="a">A 100 anos :</subfield>
      <subfield code="b">iconografia de Emiliano Zapata</subfield>
    </datafield>
    <datafield tag="264" ind1=" " ind2="1">
      <subfield code="a">Mexico :</subfield>
      <subfield code="b">Secretaria de Cultura,</subfield>
      <subfield code="c">2019.</subfield>
    </datafield>
    <datafield tag="300" ind1=" " ind2=" ">
      <subfield code="a">118 pages</subfield>
    </datafield>
    <datafield tag="336" ind1=" " ind2=" ">
      <subfield code="a">text</subfield>
      <subfield code="b">txt</subfield>
      <subfield code="2">rdacontent</subfield>
    </datafield>
    <datafield tag="337" ind1=" " ind2=" ">
      <subfield code="a">unmediated</subfield>
      <subfield code="b">n</subfield>
      <subfield code="2">rdamedia</subfield>
    </datafield>
    <datafield tag="338" ind1=" " ind2=" ">
      <subfield code="a">volume</subfield>
      <subfield code="b">nc</subfield>
      <subfield code="2">rdacarrier</subfield>
    </datafield>
    <datafield tag="035" ind1=" " ind2=" ">
      <subfield code="a">(NjP)12415662-princetondb</subfield>
    </datafield>
  </record>