
  <record>
    <leader>00805dam a22002295a 4500</leader>
    <controlfield tag="005">20210421103320.0</controlfield>
    <controlfield tag="008">210415s2015    cc            000 0 chi d</controlfield>
    <controlfield tag="001">99124196833506421</controlfield>
    <datafield tag="020" ind1=" " ind2=" ">
      <subfield code="a">9787551810647 :</subfield>
      <subfield code="c">RMB55.00</subfield>
    </datafield>
    <datafield tag="040" ind1=" " ind2=" ">
      <subfield code="a">BCBTC</subfield>
      <subfield code="c">BCBTC</subfield>
    </datafield>
    <datafield tag="245" ind1="0" ind2="0">
      <subfield code="6">880-01</subfield>
      <subfield code="a">Xi'an kang zhan bei wang /</subfield>
      <subfield code="c">Xian Shi dang an guan bian.</subfield>
    </datafield>
    <datafield tag="250" ind1=" " ind2=" ">
      <subfield code="6">880-02</subfield>
      <subfield code="a">Di 1 ban.</subfield>
    </datafield>
    <datafield tag="260" ind1=" " ind2=" ">
      <subfield code="6">880-03</subfield>
      <subfield code="a">Xi'an :</subfield>
      <subfield code="b">San Qin chu ban she,</subfield>
      <subfield code="c">2015.</subfield>
    </datafield>
    <datafield tag="300" ind1=" " ind2=" ">
      <subfield code="a">1 v.</subfield>
    </datafield>
    <datafield tag="490" ind1="0" ind2=" ">
      <subfield code="6">880-04</subfield>
      <subfield code="a">Xi'an dang an zi liao cong shu</subfield>
    </datafield>
    <datafield tag="710" ind1="2" ind2=" ">
      <subfield code="6">880-05</subfield>
      <subfield code="a">Xi'an Shi (China).</subfield>
      <subfield code="b">Dang an ju.</subfield>
    </datafield>
    <datafield tag="880" ind1="0" ind2="0">
      <subfield code="6">245-01/$1</subfield>
      <subfield code="a">西安抗战备忘 /</subfield>
      <subfield code="c">西安市档案馆编.</subfield>
    </datafield>
    <datafield tag="880" ind1=" " ind2=" ">
      <subfield code="6">250-02/$1</subfield>
      <subfield code="a">第1版.</subfield>
    </datafield>
    <datafield tag="880" ind1=" " ind2=" ">
      <subfield code="6">260-03/$1</subfield>
      <subfield code="a">西安 :</subfield>
      <subfield code="b">三秦出版社,</subfield>
      <subfield code="c">2015.</subfield>
    </datafield>
    <datafield tag="880" ind1="0" ind2=" ">
      <subfield code="6">490-04/$1</subfield>
      <subfield code="a">西安档案资料丛书</subfield>
    </datafield>
    <datafield tag="880" ind1="2" ind2=" ">
      <subfield code="6">710-05/$1</subfield>
      <subfield code="a">西安市档案馆.</subfield>
    </datafield>
    <datafield tag="035" ind1=" " ind2=" ">
      <subfield code="a">(NjP)12419683-princetondb</subfield>
    </datafield>
    <datafield tag="852" ind1="0" ind2=" ">
      <subfield code="b">recap</subfield>
      <subfield code="c">pa</subfield>
      <subfield code="8">22748016690006421</subfield>
    </datafield>
  </record>