
  <record>
    <leader>00730nam a22001935a 4500</leader>
    <controlfield tag="005">20220324153620.0</controlfield>
    <controlfield tag="008">210518s2020    cc            000 0 chi d</controlfield>
    <controlfield tag="001">99124487923506421</controlfield>
    <datafield tag="020" ind1=" " ind2=" ">
      <subfield code="c">RMB414.00</subfield>
    </datafield>
    <datafield tag="035" ind1=" " ind2=" ">
      <subfield code="a">(NjP)12448792-princetondb</subfield>
    </datafield>
    <datafield tag="040" ind1=" " ind2=" ">
      <subfield code="a">BCBTC</subfield>
      <subfield code="c">BCBTC</subfield>
    </datafield>
    <datafield tag="245" ind1="0" ind2="0">
      <subfield code="6">880-01</subfield>
      <subfield code="a">Xinning tie lu dang an zi liao hui bian.</subfield>
    </datafield>
    <datafield tag="880" ind1="0" ind2="0">
      <subfield code="6">245-01/$1</subfield>
      <subfield code="a">新宁铁路档案资料汇编.</subfield>
    </datafield>
    <datafield tag="250" ind1=" " ind2=" ">
      <subfield code="6">880-02</subfield>
      <subfield code="a">Di 1 ban.</subfield>
    </datafield>
    <datafield tag="880" ind1=" " ind2=" ">
      <subfield code="6">250-02/$1</subfield>
      <subfield code="a">第1版.</subfield>
    </datafield>
    <datafield tag="260" ind1=" " ind2=" ">
      <subfield code="6">880-03</subfield>
      <subfield code="a">Guangzhou :</subfield>
      <subfield code="b">Jinan da xue chu ban she,</subfield>
      <subfield code="c">2020.</subfield>
    </datafield>
    <datafield tag="880" ind1=" " ind2=" ">
      <subfield code="6">260-03/$1</subfield>
      <subfield code="a">广州 :</subfield>
      <subfield code="b">暨南大学出版社,</subfield>
      <subfield code="c">2020.</subfield>
    </datafield>
    <datafield tag="300" ind1=" " ind2=" ">
      <subfield code="a">8 v.</subfield>
    </datafield>
    <datafield tag="852" ind1="0" ind2=" ">
      <subfield code="b">recap</subfield>
      <subfield code="c">pa</subfield>
      <subfield code="8">22534018890006421</subfield>
    </datafield>
  </record>