
  <record>
    <leader>00592nam a2200169Ia 4500</leader>
    <controlfield tag="005">20210928105313.0</controlfield>
    <controlfield tag="008">210527s9999||||xx |||||||||||||| ||eng||</controlfield>
    <controlfield tag="001">99124642133506421</controlfield>
    <datafield tag="020" ind1=" " ind2=" ">
      <subfield code="a">9780999666456 (Hardcover)</subfield>
    </datafield>
    <datafield tag="035" ind1=" " ind2=" ">
      <subfield code="a">(NjP)12464213-princetondb</subfield>
    </datafield>
    <datafield tag="037" ind1=" " ind2=" ">
      <subfield code="a">W031767</subfield>
    </datafield>
    <datafield tag="100" ind1="1" ind2=" ">
      <subfield code="a">Appleton, Marc</subfield>
    </datafield>
    <datafield tag="245" ind1="1" ind2="0">
      <subfield code="a">Paul R. Williams</subfield>
      <subfield code="c">Marc Appleton et al.</subfield>
    </datafield>
    <datafield tag="260" ind1=" " ind2=" ">
      <subfield code="b">Tailwater Press, Santa Barbara.Published in association with Angel City Press, Los Angeles. Distributed by Gibbs Smith, Publisher, Layton.</subfield>
      <subfield code="c">2020</subfield>
    </datafield>
    <datafield tag="300" ind1=" " ind2=" ">
      <subfield code="a">208 pp.</subfield>
      <subfield code="c">32 x 24 cm.</subfield>
    </datafield>
    <datafield tag="546" ind1=" " ind2=" ">
      <subfield code="a">English</subfield>
    </datafield>
  </record>