
  <record>
    <leader>01255nam a2200205 i 4500</leader>
    <controlfield tag="008">000000|||||||||vp |||||||||||||||||mul||</controlfield>
    <controlfield tag="005">20220330153411.0</controlfield>
    <controlfield tag="001">99124956453506421</controlfield>
    <datafield tag="245" ind1="0" ind2="0">
      <subfield code="a">Multi-title collection including Anvers, Malines et Lierre and 10 other(s).</subfield>
    </datafield>
    <datafield tag="774" ind1="1" ind2=" ">
      <subfield code="t">Anvers, Malines et Lierre</subfield>
      <subfield code="w">9927489253506421</subfield>
    </datafield>
    <datafield tag="774" ind1="1" ind2=" ">
      <subfield code="t">La crisi del dopo guerra</subfield>
      <subfield code="w">9927673713506421</subfield>
    </datafield>
    <datafield tag="774" ind1="1" ind2=" ">
      <subfield code="t">Bruxelles et Louvain</subfield>
      <subfield code="w">9927482933506421</subfield>
    </datafield>
    <datafield tag="774" ind1="1" ind2=" ">
      <subfield code="t">Péguy</subfield>
      <subfield code="w">9927298563506421</subfield>
    </datafield>
    <datafield tag="774" ind1="1" ind2=" ">
      <subfield code="t">Condamnes par eux-memes</subfield>
      <subfield code="w">9927151703506421</subfield>
    </datafield>
    <datafield tag="774" ind1="1" ind2=" ">
      <subfield code="t">Il reddito nazionale e i compiti di domani</subfield>
      <subfield code="w">9927358243506421</subfield>
    </datafield>
    <datafield tag="774" ind1="1" ind2=" ">
      <subfield code="t">Une visite à l'armée anglaise ...</subfield>
      <subfield code="w">9927218673506421</subfield>
    </datafield>
    <datafield tag="774" ind1="1" ind2=" ">
      <subfield code="t">La kinésithérapie de guerre la mobilisation méthodique; la massothérapie; la mécanothérapie, la rééducation,</subfield>
      <subfield code="w">9927499533506421</subfield>
    </datafield>
    <datafield tag="774" ind1="1" ind2=" ">
      <subfield code="t">Servire! Discorso pronunciato al Teatro Lirico di Milano l'll dicembre 1916.</subfield>
      <subfield code="w">9927706763506421</subfield>
    </datafield>
    <datafield tag="774" ind1="1" ind2=" ">
      <subfield code="t">L'Allemagne a-t-elle le secret de l'organisation? Enquête,</subfield>
      <subfield code="w">9927492263506421</subfield>
    </datafield>
    <datafield tag="774" ind1="1" ind2=" ">
      <subfield code="t">L'effort britannique; contribution de l'Angleterre à la guerre européenne, août 1914-février 1916,</subfield>
      <subfield code="w">9927473993506421</subfield>
    </datafield>
    <datafield tag="852" ind1="8" ind2=" ">
      <subfield code="b">firestone</subfield>
      <subfield code="c">pf</subfield>
      <subfield code="h">MICROFILM 4239 reel 1</subfield>
      <subfield code="8">22605089130006421</subfield>
    </datafield>
    <datafield tag="866" ind1=" " ind2="0">
      <subfield code="z">Master printing copy. Available for reproduction only.</subfield>
      <subfield code="8">22605089130006421</subfield>
    </datafield>
    <datafield tag="876" ind1=" " ind2=" ">
      <subfield code="0">22605089130006421</subfield>
      <subfield code="j">1</subfield>
      <subfield code="z">pf</subfield>
      <subfield code="c">BOOK</subfield>
      <subfield code="p">32101030153843</subfield>
      <subfield code="f">pf</subfield>
      <subfield code="t">1</subfield>
      <subfield code="a">23605089120006421</subfield>
      <subfield code="3">Reel 1</subfield>
      <subfield code="b">Gen</subfield>
      <subfield code="d">2021-07-12 23:54:38</subfield>
      <subfield code="e">firestone</subfield>
      <subfield code="y">firestone</subfield>
    </datafield>
  </record>