
  <record>
    <leader>01143dam a22003495i 4500</leader>
    <controlfield tag="005">20211016070754.390</controlfield>
    <controlfield tag="008">211016s2021    au                0 ger d</controlfield>
    <controlfield tag="001">99125403827706421</controlfield>
    <datafield tag="016" ind1="7" ind2=" ">
      <subfield code="a">1232579254</subfield>
      <subfield code="2">DE-101</subfield>
    </datafield>
    <datafield tag="020" ind1=" " ind2=" ">
      <subfield code="a">9783701104659</subfield>
      <subfield code="q">paperback</subfield>
    </datafield>
    <datafield tag="024" ind1="3" ind2=" ">
      <subfield code="a">9783701104659</subfield>
    </datafield>
    <datafield tag="035" ind1=" " ind2=" ">
      <subfield code="a">(GyWOH)har210135492</subfield>
    </datafield>
    <datafield tag="040" ind1=" " ind2=" ">
      <subfield code="a">GyWOH</subfield>
      <subfield code="b">eng</subfield>
      <subfield code="c">GyWOH</subfield>
    </datafield>
    <datafield tag="072" ind1=" " ind2="7">
      <subfield code="a">DF</subfield>
      <subfield code="2">lcco</subfield>
    </datafield>
    <datafield tag="072" ind1=" " ind2="7">
      <subfield code="a">BL</subfield>
      <subfield code="2">lcco</subfield>
    </datafield>
    <datafield tag="100" ind1="1" ind2=" ">
      <subfield code="a">Unfricht, Armin.</subfield>
    </datafield>
    <datafield tag="245" ind1="1" ind2="0">
      <subfield code="a">Religion und Kult im Peloponnesischen Krieg :</subfield>
      <subfield code="b">Facetten des Politischen bei Thukydides /</subfield>
      <subfield code="c">Armin Unfricht.</subfield>
    </datafield>
    <datafield tag="250" ind1=" " ind2=" ">
      <subfield code="a">1. Auflage.</subfield>
    </datafield>
    <datafield tag="264" ind1=" " ind2="1">
      <subfield code="a">Graz :</subfield>
      <subfield code="b">Leykam:Wissenschaft,</subfield>
      <subfield code="c">[2021]</subfield>
    </datafield>
    <datafield tag="264" ind1=" " ind2="4">
      <subfield code="c">©2021</subfield>
    </datafield>
    <datafield tag="300" ind1=" " ind2=" ">
      <subfield code="a">209 pages ;</subfield>
      <subfield code="c">24 cm</subfield>
    </datafield>
    <datafield tag="336" ind1=" " ind2=" ">
      <subfield code="a">text</subfield>
      <subfield code="b">txt</subfield>
      <subfield code="2">rdacontent</subfield>
    </datafield>
    <datafield tag="337" ind1=" " ind2=" ">
      <subfield code="a">unmediated</subfield>
      <subfield code="b">n</subfield>
      <subfield code="2">rdamedia</subfield>
    </datafield>
    <datafield tag="338" ind1=" " ind2=" ">
      <subfield code="a">volume</subfield>
      <subfield code="b">nc</subfield>
      <subfield code="2">rdacarrier</subfield>
    </datafield>
    <datafield tag="500" ind1=" " ind2=" ">
      <subfield code="a">Revised thesis (diploma)--Karl-Franzens-Universität Graz, 2018.</subfield>
    </datafield>
    <datafield tag="504" ind1=" " ind2=" ">
      <subfield code="a">Includes bibliographical references (pages [201]-209).</subfield>
    </datafield>
    <datafield tag="852" ind1="0" ind2=" ">
      <subfield code="b">recap</subfield>
      <subfield code="c">pa</subfield>
      <subfield code="8">22903737930006421</subfield>
    </datafield>
  </record>