
  <record>
    <leader>00915dam a22001935a 4500</leader>
    <controlfield tag="008">210820m20162008cc            000 0 chi d</controlfield>
    <controlfield tag="005">20220317124006.0</controlfield>
    <controlfield tag="001">99125410309306421</controlfield>
    <datafield tag="040" ind1=" " ind2=" ">
      <subfield code="a">BCBTC</subfield>
      <subfield code="c">BCBTC</subfield>
    </datafield>
    <datafield tag="245" ind1="0" ind2="0">
      <subfield code="6">880-01</subfield>
      <subfield code="a">Zhungeer wen shi /</subfield>
      <subfield code="c">Zhungeer Qi zheng xie.</subfield>
    </datafield>
    <datafield tag="880" ind1="0" ind2="0">
      <subfield code="6">245-01/$1</subfield>
      <subfield code="a">准格尔文史 /</subfield>
      <subfield code="c">准格尔旗政协.</subfield>
    </datafield>
    <datafield tag="250" ind1=" " ind2=" ">
      <subfield code="6">880-02</subfield>
      <subfield code="a">Di 1 ban.</subfield>
    </datafield>
    <datafield tag="880" ind1=" " ind2=" ">
      <subfield code="6">250-02/$1</subfield>
      <subfield code="a">第1版.</subfield>
    </datafield>
    <datafield tag="260" ind1=" " ind2=" ">
      <subfield code="6">880-03</subfield>
      <subfield code="a">Zhungeer :</subfield>
      <subfield code="b">Zheng xie Zhungeer Qi wei yuan hui wen shi zi liao wei yuan hui,</subfield>
      <subfield code="c">2008-2016.</subfield>
    </datafield>
    <datafield tag="880" ind1=" " ind2=" ">
      <subfield code="6">260-03/$1</subfield>
      <subfield code="a">准格尔 :</subfield>
      <subfield code="b">政协准格尔旗委员会文史资料委员会,</subfield>
      <subfield code="c">2008-2016.</subfield>
    </datafield>
    <datafield tag="300" ind1=" " ind2=" ">
      <subfield code="a">11 v.</subfield>
    </datafield>
    <datafield tag="710" ind1="2" ind2=" ">
      <subfield code="6">880-04</subfield>
      <subfield code="a">Zhungeer Qi zheng xie.</subfield>
    </datafield>
    <datafield tag="880" ind1="2" ind2=" ">
      <subfield code="6">710-04/$1</subfield>
      <subfield code="a">准格尔旗政协.</subfield>
    </datafield>
    <datafield tag="852" ind1="0" ind2=" ">
      <subfield code="b">recap</subfield>
      <subfield code="c">pa</subfield>
      <subfield code="8">22905512380006421</subfield>
    </datafield>
  </record>