
  <record>
    <leader>03700cam a2200481Ii 4500</leader>
    <controlfield tag="005">20220323154310.0</controlfield>
    <controlfield tag="008">200629t20212021enkaf    b    001 0beng d</controlfield>
    <controlfield tag="001">99125411166206421</controlfield>
    <datafield tag="020" ind1=" " ind2=" ">
      <subfield code="a">9781526614650</subfield>
    </datafield>
    <datafield tag="020" ind1=" " ind2=" ">
      <subfield code="a">1526614650</subfield>
      <subfield code="q">hardcover</subfield>
    </datafield>
    <datafield tag="035" ind1=" " ind2=" ">
      <subfield code="9">(YDXIT)16820175</subfield>
    </datafield>
    <datafield tag="035" ind1=" " ind2=" ">
      <subfield code="a">(OCoLC)1160088849</subfield>
    </datafield>
    <datafield tag="035" ind1=" " ind2=" ">
      <subfield code="a">(OCoLC)on1160088849</subfield>
    </datafield>
    <datafield tag="040" ind1=" " ind2=" ">
      <subfield code="a">YDX</subfield>
      <subfield code="b">eng</subfield>
      <subfield code="e">rda</subfield>
      <subfield code="c">YDX</subfield>
      <subfield code="d">UKMGB</subfield>
      <subfield code="d">OCLCO</subfield>
      <subfield code="d">OCLCF</subfield>
      <subfield code="d">YDX</subfield>
      <subfield code="d">FIE</subfield>
      <subfield code="d">NZAUC</subfield>
    </datafield>
    <datafield tag="043" ind1=" " ind2=" ">
      <subfield code="a">n-us---</subfield>
    </datafield>
    <datafield tag="050" ind1=" " ind2="4">
      <subfield code="a">E184.P33</subfield>
      <subfield code="b">B74 2021</subfield>
    </datafield>
    <datafield tag="082" ind1="0" ind2="4">
      <subfield code="a">956.9405092</subfield>
      <subfield code="2">23</subfield>
    </datafield>
    <datafield tag="100" ind1="1" ind2=" ">
      <subfield code="a">Brennan, Timothy,</subfield>
      <subfield code="e">author.</subfield>
    </datafield>
    <datafield tag="245" ind1="1" ind2="0">
      <subfield code="a">Places of mind :</subfield>
      <subfield code="b">a life of Edward Said /</subfield>
      <subfield code="c">Timothy Brennan.</subfield>
    </datafield>
    <datafield tag="264" ind1=" " ind2="1">
      <subfield code="a">London :</subfield>
      <subfield code="b">Bloomsbury Publishing,</subfield>
      <subfield code="c">2021.</subfield>
    </datafield>
    <datafield tag="264" ind1=" " ind2="4">
      <subfield code="c">©2021</subfield>
    </datafield>
    <datafield tag="300" ind1=" " ind2=" ">
      <subfield code="a">xix, 437 pages, 16 unnumbered pages of plates :</subfield>
      <subfield code="b">illustrations ;</subfield>
      <subfield code="c">24 cm</subfield>
    </datafield>
    <datafield tag="336" ind1=" " ind2=" ">
      <subfield code="a">text</subfield>
      <subfield code="2">rdacontent</subfield>
    </datafield>
    <datafield tag="337" ind1=" " ind2=" ">
      <subfield code="a">unmediated</subfield>
      <subfield code="2">rdamedia</subfield>
    </datafield>
    <datafield tag="338" ind1=" " ind2=" ">
      <subfield code="a">volume</subfield>
      <subfield code="2">rdacarrier</subfield>
    </datafield>
    <datafield tag="504" ind1=" " ind2=" ">
      <subfield code="a">Includes bibliographical references and index.</subfield>
    </datafield>
    <datafield tag="520" ind1=" " ind2=" ">
      <subfield code="a">Drawing on extensive archival sources and hundreds of interviews, Timothy Brennan's Places of Mind is the first comprehensive biography of Said, one of the most controversial and celebrated intellectuals of the 20th century. In Brennan's masterful work, Said, the pioneer of post-colonial studies, a tireless champion for his native Palestine, and an erudite literary critic, emerges as a self-doubting, tender, and eloquent advocate of literature's dramatic effects on politics and civic life. Places of the Mind charts the intertwined routes of Said's intellectual development, revealing him as a study in opposites: a cajoler and strategist, a New York intellectual with a foot in Beirut, an orchestra impresario in Weimar and Ramallah, a raconteur on national television, a Palestinian negotiator at the State Department, and an actor in films in which he played himself. Brennan traces the Arab influences of Said's thinking along with his tutelage under Lebanese statesmen, off-beat modernist auteurs, and New York literati, as Said grew into a scholar whose influential writings changed the face of university life forever. With both intimidating brilliance and charm, Said turned these resources into a groundbreaking counter-tradition of radical humanism, set against the backdrop of techno-scientific dominance and religious war. With unparalleled clarity, Said gave the humanities a new authority in the age of Reaganism that continues today. Drawing on the testimonies of family, friends, students, and antagonists alike, and aided by FBI files, unpublished writing, and Said's drafts of novels and personal letters, Places of the Mind captures Said's intellectual breadth and influence in an unprecedented, intimate, and compelling portrait of one of the great minds of the twentieth century. --</subfield>
      <subfield code="c">Provided by publisher.</subfield>
    </datafield>
    <datafield tag="505" ind1="0" ind2=" ">
      <subfield code="a">The cocoon -- Unsettling -- An Ivied apprenticeship -- The secret agent -- Before Oslo -- The gentile intellect -- From Saigon to Palestine -- Against false gods -- A few simple ideas -- The Third World speaks -- Two peoples in one land -- The race against time.</subfield>
    </datafield>
    <datafield tag="600" ind1="1" ind2="0">
      <subfield code="a">Said, Edward W.</subfield>
    </datafield>
    <datafield tag="600" ind1="1" ind2="7">
      <subfield code="a">Said, Edward W.</subfield>
      <subfield code="2">fast</subfield>
      <subfield code="0">(OCoLC)fst00035281</subfield>
    </datafield>
    <datafield tag="650" ind1=" " ind2="0">
      <subfield code="a">Palestinian Americans</subfield>
      <subfield code="v">Biography.</subfield>
    </datafield>
    <datafield tag="650" ind1=" " ind2="0">
      <subfield code="a">Intellectuals</subfield>
      <subfield code="z">United States</subfield>
      <subfield code="v">Biography.</subfield>
    </datafield>
    <datafield tag="650" ind1=" " ind2="7">
      <subfield code="a">Intellectuals.</subfield>
      <subfield code="2">fast</subfield>
      <subfield code="0">(OCoLC)fst00975799</subfield>
    </datafield>
    <datafield tag="650" ind1=" " ind2="7">
      <subfield code="a">Palestinian Americans.</subfield>
      <subfield code="2">fast</subfield>
      <subfield code="0">(OCoLC)fst01051589</subfield>
    </datafield>
    <datafield tag="651" ind1=" " ind2="7">
      <subfield code="a">United States.</subfield>
      <subfield code="2">fast</subfield>
      <subfield code="0">(OCoLC)fst01204155</subfield>
    </datafield>
    <datafield tag="655" ind1=" " ind2="7">
      <subfield code="a">Biographies.</subfield>
      <subfield code="2">fast</subfield>
      <subfield code="0">(OCoLC)fst01919896</subfield>
    </datafield>
    <datafield tag="655" ind1=" " ind2="7">
      <subfield code="a">Biographies.</subfield>
      <subfield code="2">lcgft</subfield>
    </datafield>
  </record>