
  <record>
    <leader>00000dam#a2200000#u#4500</leader>
    <controlfield tag="001">99125416178606421</controlfield>
    <datafield tag="024" ind1=" " ind2=" ">
      <subfield code="a">9785949210246</subfield>
    </datafield>
    <datafield tag="245" ind1=" " ind2=" ">
      <subfield code="a">Peterburg - Petrograd - Leningrad: Al'bom-katalog fotootkrytok, 1895-1941 gody. T. V: Petrograd 1917-1924 gody</subfield>
    </datafield>
    <datafield tag="264" ind1=" " ind2=" ">
      <subfield code="a">St. Petersburg</subfield>
      <subfield code="b">Sad Iskusstv : OOO "Galereia Tret'iakova"</subfield>
      <subfield code="c">2016</subfield>
    </datafield>
    <datafield tag="300" ind1=" " ind2=" ">
      <subfield code="a">418</subfield>
    </datafield>
    <datafield tag="852" ind1="0" ind2=" ">
      <subfield code="b">recap</subfield>
      <subfield code="c">pa</subfield>
      <subfield code="8">22906864100006421</subfield>
    </datafield>
  </record>