
  <record>
    <leader>00000dam#a2200000#u#4500</leader>
    <controlfield tag="001">99125416178706421</controlfield>
    <datafield tag="024" ind1=" " ind2=" ">
      <subfield code="a">9785949210222</subfield>
    </datafield>
    <datafield tag="245" ind1=" " ind2=" ">
      <subfield code="a">Peterburg - Petrograd - Leningrad: Al'bom-katalog fotootkrytok, 1895-1941 gody. T. IV: 1859-1917 gody : Vyborgskaia storona. Raion Ozerki - Shuvalovo - Pargolovo. Gorodskie tipy. Ukazateli)</subfield>
    </datafield>
    <datafield tag="264" ind1=" " ind2=" ">
      <subfield code="a">St. Petersburg</subfield>
      <subfield code="b">Sad Iskusstv : OOO "Galereia Tret'iakova"</subfield>
      <subfield code="c">2013</subfield>
    </datafield>
    <datafield tag="300" ind1=" " ind2=" ">
      <subfield code="a">615</subfield>
    </datafield>
    <datafield tag="852" ind1="0" ind2=" ">
      <subfield code="b">recap</subfield>
      <subfield code="c">pa</subfield>
      <subfield code="8">22906864130006421</subfield>
    </datafield>
  </record>