
  <record>
    <leader>00000dam#a2200000#u#4500</leader>
    <controlfield tag="001">99125416178806421</controlfield>
    <datafield tag="024" ind1=" " ind2=" ">
      <subfield code="a">9785949210208</subfield>
    </datafield>
    <datafield tag="245" ind1=" " ind2=" ">
      <subfield code="a">Peterburg - Petrograd - Leningrad: Al'bom-katalog fotootkrytok, 1895-1941 gody. T. III: 1862-1917 gody : Reka Neva. Vasil'evskii ostrov. Petrogradskaia storona</subfield>
    </datafield>
    <datafield tag="264" ind1=" " ind2=" ">
      <subfield code="a">St. Petersburg</subfield>
      <subfield code="b">Sad Iskusstv : OOO "Galereia Tret'iakova"</subfield>
      <subfield code="c">2012</subfield>
    </datafield>
    <datafield tag="300" ind1=" " ind2=" ">
      <subfield code="a">448</subfield>
    </datafield>
    <datafield tag="852" ind1="0" ind2=" ">
      <subfield code="b">recap</subfield>
      <subfield code="c">pa</subfield>
      <subfield code="8">22906863220006421</subfield>
    </datafield>
  </record>