
  <record>
    <leader>00000dam#a2200000#u#4500</leader>
    <controlfield tag="001">99125416178906421</controlfield>
    <datafield tag="024" ind1=" " ind2=" ">
      <subfield code="a">9785949210239</subfield>
    </datafield>
    <datafield tag="245" ind1=" " ind2=" ">
      <subfield code="a">Peterburg - Petrograd - Leningrad: Al'bom-katalog fotootkrytok, 1895-1941 gody. T. II: 1864-1917 : Ulitsy dofontannoi chasti goroda. Reki i kanaly levoberezhnoi chasti goroda. Ulitsy zafontannoi chasti goroda -</subfield>
    </datafield>
    <datafield tag="264" ind1=" " ind2=" ">
      <subfield code="a">St. Petersburg</subfield>
      <subfield code="b">Sad Iskusstv</subfield>
      <subfield code="c">2011</subfield>
    </datafield>
    <datafield tag="300" ind1=" " ind2=" ">
      <subfield code="a">448</subfield>
    </datafield>
    <datafield tag="852" ind1="0" ind2=" ">
      <subfield code="b">recap</subfield>
      <subfield code="c">pa</subfield>
      <subfield code="8">22906863160006421</subfield>
    </datafield>
  </record>