
  <record>
    <leader>01074daa a22002774a 4500</leader>
    <controlfield tag="005">20210913140847.0</controlfield>
    <controlfield tag="008">210913m20219999pl |||||||||||||| ||pol  </controlfield>
    <controlfield tag="001">99125417515506421</controlfield>
    <datafield tag="020" ind1=" " ind2=" ">
      <subfield code="a">9788324237326</subfield>
      <subfield code="q">(pbk.)</subfield>
    </datafield>
    <datafield tag="020" ind1=" " ind2=" ">
      <subfield code="a">9788324265596</subfield>
      <subfield code="q">(ebk.) </subfield>
    </datafield>
    <datafield tag="035" ind1=" " ind2=" ">
      <subfield code="a">(PlWaKWL)lx2021085857</subfield>
    </datafield>
    <datafield tag="040" ind1=" " ind2=" ">
      <subfield code="a">PlWaKWL</subfield>
      <subfield code="c">PlWaKWL</subfield>
    </datafield>
    <datafield tag="041" ind1="0" ind2=" ">
      <subfield code="a">pol</subfield>
      <subfield code="b">eng</subfield>
    </datafield>
    <datafield tag="100" ind1="1" ind2=" ">
      <subfield code="a">Dybel, Paweł.</subfield>
    </datafield>
    <datafield tag="245" ind1="1" ind2="0">
      <subfield code="a">Psychoanaliza - ziemia obiecana?:</subfield>
      <subfield code="b">dzieje psychoanalizy w Polsce międzywojnia (1918-1939).</subfield>
      <subfield code="n">Część 2,</subfield>
      <subfield code="p">Między nadzieją i rozpaczą/</subfield>
      <subfield code="c">Paweł Dybel.</subfield>
    </datafield>
    <datafield tag="250" ind1=" " ind2=" ">
      <subfield code="a">Wyd. 1.</subfield>
    </datafield>
    <datafield tag="260" ind1=" " ind2=" ">
      <subfield code="a">Kraków:</subfield>
      <subfield code="b">Towarzystwo Autorów i Wydawców Prac Naukowych Universitas,</subfield>
      <subfield code="c">2016-</subfield>
    </datafield>
    <datafield tag="300" ind1=" " ind2=" ">
      <subfield code="a">v. &lt;2&gt;:</subfield>
      <subfield code="b">;</subfield>
      <subfield code="c">21 cm.</subfield>
    </datafield>
    <datafield tag="490" ind1="1" ind2=" ">
      <subfield code="a">Dzieje Psychoanalizy w Polsce</subfield>
    </datafield>
    <datafield tag="546" ind1=" " ind2=" ">
      <subfield code="a">Polish text; English summary.</subfield>
    </datafield>
    <datafield tag="710" ind1="2" ind2=" ">
      <subfield code="a">Universitas (Firm),</subfield>
      <subfield code="e">Wydawca</subfield>
      <subfield code="4">pbl </subfield>
    </datafield>
    <datafield tag="830" ind1=" " ind2="0">
      <subfield code="a">Seria Dzieje psychoanalizy w Polsce</subfield>
    </datafield>
  </record>