
  <record>
    <leader>01682dam a2200337Mi 4500</leader>
    <controlfield tag="005">20211122092857.0</controlfield>
    <controlfield tag="008">170524s2016    ru       c    000 0 rus d</controlfield>
    <controlfield tag="001">99125419711906421</controlfield>
    <datafield tag="020" ind1=" " ind2=" ">
      <subfield code="a">9785949210253</subfield>
    </datafield>
    <datafield tag="020" ind1=" " ind2=" ">
      <subfield code="a">5949210255</subfield>
    </datafield>
    <datafield tag="035" ind1=" " ind2=" ">
      <subfield code="a">(OCoLC)992481627</subfield>
    </datafield>
    <datafield tag="035" ind1=" " ind2=" ">
      <subfield code="a">(OCoLC)ocn992481627</subfield>
    </datafield>
    <datafield tag="040" ind1=" " ind2=" ">
      <subfield code="a">DEBBG</subfield>
      <subfield code="b">ger</subfield>
      <subfield code="e">rda</subfield>
      <subfield code="c">DEBBG</subfield>
    </datafield>
    <datafield tag="084" ind1=" " ind2=" ">
      <subfield code="a">OST</subfield>
      <subfield code="q">DE-12</subfield>
      <subfield code="2">fid</subfield>
    </datafield>
    <datafield tag="245" ind1="0" ind2="0">
      <subfield code="6">880-02</subfield>
      <subfield code="a">Peterburg, Petrograd, Leningrad: katalog fotootkrytok :</subfield>
      <subfield code="b">1895-1941n6. tom,</subfield>
      <subfield code="p">Leningrad 1924-1941 gody /</subfield>
      <subfield code="c">[avtor koncepcii, red.-sost. Vitalij Petrovič Tretʹjakov].</subfield>
    </datafield>
    <datafield tag="880" ind1="0" ind2="0">
      <subfield code="6">245-02</subfield>
      <subfield code="p">Ленинград 1924-1941 годы/</subfield>
      <subfield code="c">Д.Г. Гранин, текст.</subfield>
    </datafield>
    <datafield tag="264" ind1=" " ind2="1">
      <subfield code="a">Sankt-Peterburg</subfield>
      <subfield code="b">Izdatelʹstvo "Sad iskusstv"</subfield>
      <subfield code="c">2016</subfield>
    </datafield>
    <datafield tag="264" ind1=" " ind2="1">
      <subfield code="a">Sankt-Peterburg</subfield>
      <subfield code="b">OOO "Galereja Tretʹjakova"</subfield>
      <subfield code="c">2016</subfield>
    </datafield>
    <datafield tag="300" ind1=" " ind2=" ">
      <subfield code="a">644 Seiten :</subfield>
      <subfield code="b">Faksimiles ;</subfield>
      <subfield code="c">(farbig)</subfield>
    </datafield>
    <datafield tag="336" ind1=" " ind2=" ">
      <subfield code="a">Text</subfield>
      <subfield code="b">txt</subfield>
      <subfield code="2">rdacontent</subfield>
    </datafield>
    <datafield tag="336" ind1=" " ind2=" ">
      <subfield code="a">sti</subfield>
      <subfield code="2">rdacontent</subfield>
    </datafield>
    <datafield tag="337" ind1=" " ind2=" ">
      <subfield code="a">ohne Hilfsmittel zu benutzen</subfield>
      <subfield code="b">n</subfield>
      <subfield code="2">rdamedia</subfield>
    </datafield>
    <datafield tag="338" ind1=" " ind2=" ">
      <subfield code="a">Band</subfield>
      <subfield code="b">nc</subfield>
      <subfield code="2">rdacarrier</subfield>
    </datafield>
    <datafield tag="655" ind1=" " ind2="7">
      <subfield code="a">Bildband.</subfield>
      <subfield code="0">(DE-588)4145395-5.</subfield>
      <subfield code="2">gnd</subfield>
    </datafield>
    <datafield tag="655" ind1=" " ind2="7">
      <subfield code="a">Katalog.</subfield>
      <subfield code="0">(DE-588)4163417-2.</subfield>
      <subfield code="2">gnd</subfield>
    </datafield>
    <datafield tag="700" ind1="1" ind2=" ">
      <subfield code="6">880-01</subfield>
      <subfield code="a">Granin, Daniil G.</subfield>
      <subfield code="e">Verfasser von ergänzendem Text.</subfield>
      <subfield code="4">wst</subfield>
    </datafield>
    <datafield tag="880" ind1="1" ind2=" ">
      <subfield code="6">700-01</subfield>
      <subfield code="a">Гранин, Даниил Г.</subfield>
    </datafield>
    <datafield tag="700" ind1="1" ind2=" ">
      <subfield code="a">Tretʹjakov, Vitalij Petrovič,</subfield>
      <subfield code="d">1958-</subfield>
      <subfield code="e">Herausgeber.</subfield>
      <subfield code="0">(DE-588)1026455286</subfield>
      <subfield code="4">edt</subfield>
    </datafield>
    <datafield tag="773" ind1="0" ind2="8">
      <subfield code="w">(DE-604)BV040960405</subfield>
      <subfield code="g">6</subfield>
    </datafield>
    <datafield tag="852" ind1="0" ind2=" ">
      <subfield code="b">recap</subfield>
      <subfield code="c">pa</subfield>
      <subfield code="8">22907393880006421</subfield>
    </datafield>
  </record>