
  <record>
    <leader>01015dam a22003015i 4500</leader>
    <controlfield tag="005">20211127070126.364</controlfield>
    <controlfield tag="008">211127s2021    au a              0 ger d</controlfield>
    <controlfield tag="001">99125423694806421</controlfield>
    <datafield tag="016" ind1="7" ind2=" ">
      <subfield code="a">1228284776</subfield>
      <subfield code="2">DE-101</subfield>
    </datafield>
    <datafield tag="020" ind1=" " ind2=" ">
      <subfield code="a">9783200070561</subfield>
      <subfield code="q">paperback</subfield>
    </datafield>
    <datafield tag="024" ind1="3" ind2=" ">
      <subfield code="a">9783200070561</subfield>
    </datafield>
    <datafield tag="035" ind1=" " ind2=" ">
      <subfield code="a">(GyWOH)har210084019</subfield>
    </datafield>
    <datafield tag="040" ind1=" " ind2=" ">
      <subfield code="a">GyWOH</subfield>
      <subfield code="b">eng</subfield>
      <subfield code="c">GyWOH</subfield>
    </datafield>
    <datafield tag="072" ind1=" " ind2="7">
      <subfield code="a">DR</subfield>
      <subfield code="2">lcco</subfield>
    </datafield>
    <datafield tag="072" ind1=" " ind2="7">
      <subfield code="a">TR</subfield>
      <subfield code="2">lcco</subfield>
    </datafield>
    <datafield tag="100" ind1="1" ind2=" ">
      <subfield code="a">Zimmel, Thomas.</subfield>
    </datafield>
    <datafield tag="245" ind1="1" ind2="4">
      <subfield code="a">Die Bocche di Cattaro 1898 :</subfield>
      <subfield code="b">der Fotograf Franz Thiard de Laforest (1838-1911) und sein Reiseführer zu den Buchten von Kotor /</subfield>
      <subfield code="c">Thomas Zimmel.</subfield>
    </datafield>
    <datafield tag="250" ind1=" " ind2=" ">
      <subfield code="a">1. Auflage.</subfield>
    </datafield>
    <datafield tag="264" ind1=" " ind2="1">
      <subfield code="a">Wien :</subfield>
      <subfield code="b">Fidelitas,</subfield>
      <subfield code="c">[2021]</subfield>
    </datafield>
    <datafield tag="264" ind1=" " ind2="4">
      <subfield code="c">©2021</subfield>
    </datafield>
    <datafield tag="300" ind1=" " ind2=" ">
      <subfield code="a">131 pages :</subfield>
      <subfield code="b">numerous illustrations (chiefly color) ;</subfield>
      <subfield code="c">23 cm</subfield>
    </datafield>
    <datafield tag="336" ind1=" " ind2=" ">
      <subfield code="a">text</subfield>
      <subfield code="b">txt</subfield>
      <subfield code="2">rdacontent</subfield>
    </datafield>
    <datafield tag="337" ind1=" " ind2=" ">
      <subfield code="a">unmediated</subfield>
      <subfield code="b">n</subfield>
      <subfield code="2">rdamedia</subfield>
    </datafield>
    <datafield tag="338" ind1=" " ind2=" ">
      <subfield code="a">volume</subfield>
      <subfield code="b">nc</subfield>
      <subfield code="2">rdacarrier</subfield>
    </datafield>
  </record>