
  <record>
    <leader>00763cam a2200265Mi 4500</leader>
    <controlfield tag="005">20220323151938.0</controlfield>
    <controlfield tag="008">170622s2017    txu           000 0 eng d</controlfield>
    <controlfield tag="001">99125424483206421</controlfield>
    <datafield tag="020" ind1=" " ind2=" ">
      <subfield code="a">9781682830291</subfield>
    </datafield>
    <datafield tag="020" ind1=" " ind2=" ">
      <subfield code="a">1682830292</subfield>
    </datafield>
    <datafield tag="035" ind1=" " ind2=" ">
      <subfield code="9">(YDXIT)14578272</subfield>
    </datafield>
    <datafield tag="035" ind1=" " ind2=" ">
      <subfield code="a">(OCoLC)990499131</subfield>
    </datafield>
    <datafield tag="035" ind1=" " ind2=" ">
      <subfield code="a">(OCoLC)ocn990499131</subfield>
    </datafield>
    <datafield tag="040" ind1=" " ind2=" ">
      <subfield code="a">YDX</subfield>
      <subfield code="b">eng</subfield>
      <subfield code="c">YDX</subfield>
      <subfield code="d">OCLCQ</subfield>
    </datafield>
    <datafield tag="100" ind1="1" ind2=" ">
      <subfield code="a">BOGENER, STEPHEN.</subfield>
    </datafield>
    <datafield tag="245" ind1="1" ind2="0">
      <subfield code="a">DITCHES ACROSS THE DESERT :</subfield>
      <subfield code="b">irrigation in the lower pecos valley.</subfield>
    </datafield>
    <datafield tag="260" ind1=" " ind2=" ">
      <subfield code="a">LUBBOCK :</subfield>
      <subfield code="b">TEXAS TECH UNIV Press,</subfield>
      <subfield code="c">2017.</subfield>
    </datafield>
    <datafield tag="336" ind1=" " ind2=" ">
      <subfield code="a">text</subfield>
      <subfield code="b">txt</subfield>
      <subfield code="2">rdacontent</subfield>
    </datafield>
    <datafield tag="337" ind1=" " ind2=" ">
      <subfield code="a">unmediated</subfield>
      <subfield code="b">n</subfield>
      <subfield code="2">rdamedia</subfield>
    </datafield>
  </record>