
  <record>
    <leader>02220dam a2200397 i 4500</leader>
    <controlfield tag="005">20211031142227.8</controlfield>
    <controlfield tag="008">201223s2021    fluab         001 0 eng d</controlfield>
    <controlfield tag="001">99125424489806421</controlfield>
    <datafield tag="020" ind1=" " ind2=" ">
      <subfield code="a">9781683340928</subfield>
    </datafield>
    <datafield tag="020" ind1=" " ind2=" ">
      <subfield code="a">1683340922</subfield>
    </datafield>
    <datafield tag="035" ind1=" " ind2=" ">
      <subfield code="9">(YDXIT)17165031</subfield>
    </datafield>
    <datafield tag="035" ind1=" " ind2=" ">
      <subfield code="a">(OCoLC)1227917429</subfield>
    </datafield>
    <datafield tag="035" ind1=" " ind2=" ">
      <subfield code="a">(OCoLC)on1227917429</subfield>
    </datafield>
    <datafield tag="040" ind1=" " ind2=" ">
      <subfield code="a">YDX</subfield>
      <subfield code="b">eng</subfield>
      <subfield code="c">YDX</subfield>
      <subfield code="d">BDX</subfield>
      <subfield code="d">UKMGB</subfield>
      <subfield code="d">OEM</subfield>
    </datafield>
    <datafield tag="082" ind1="0" ind2="4">
      <subfield code="a">975.939</subfield>
      <subfield code="2">23</subfield>
    </datafield>
    <datafield tag="082" ind1="0" ind2="4">
      <subfield code="a">917.593904</subfield>
      <subfield code="2">23</subfield>
    </datafield>
    <datafield tag="100" ind1="1" ind2=" ">
      <subfield code="a">Sullivan, Anne McCrary,</subfield>
      <subfield code="e">author.</subfield>
    </datafield>
    <datafield tag="245" ind1="1" ind2="0">
      <subfield code="a">Everglades :</subfield>
      <subfield code="b">stories of grit and spirit from the mangrove wilderness /</subfield>
      <subfield code="c">Anne McCrary Sullivan and Holly Genzen.</subfield>
    </datafield>
    <datafield tag="260" ind1=" " ind2=" ">
      <subfield code="a">Palm Beach, Florida :</subfield>
      <subfield code="b">Pineapple Press,</subfield>
      <subfield code="c">2021.</subfield>
    </datafield>
    <datafield tag="300" ind1=" " ind2=" ">
      <subfield code="a">xi, 218 pages :</subfield>
      <subfield code="b">illustrations (some color), color maps ;</subfield>
      <subfield code="c">29 cm</subfield>
    </datafield>
    <datafield tag="336" ind1=" " ind2=" ">
      <subfield code="a">text</subfield>
      <subfield code="2">rdacontent</subfield>
    </datafield>
    <datafield tag="336" ind1=" " ind2=" ">
      <subfield code="a">still image</subfield>
      <subfield code="2">rdacontent</subfield>
    </datafield>
    <datafield tag="336" ind1=" " ind2=" ">
      <subfield code="a">cartographic image</subfield>
      <subfield code="2">rdacontent</subfield>
    </datafield>
    <datafield tag="337" ind1=" " ind2=" ">
      <subfield code="a">unmediated</subfield>
      <subfield code="2">rdamedia</subfield>
    </datafield>
    <datafield tag="338" ind1=" " ind2=" ">
      <subfield code="a">volume</subfield>
      <subfield code="2">rdacarrier</subfield>
    </datafield>
    <datafield tag="520" ind1=" " ind2=" ">
      <subfield code="a">"Everglades National Park's mangrove ecosystem, extending over 230,000 acres of south Florida, is the most expansive in the western hemisphere and the largest continuous system of mangroves in the world. Most of this mangrove area is remote, accessible only by boat, complex and difficult to navigate. In The Everglades: Stories of Grit and Spirit from the Mangrove Wilderness we hear 21 stories from people who have ventured into this wilderness--for scientific work, artistic work, search-and-rescue missions, for personal renewal, or for the pure adventure of it. They tell stories of manatee rescue, shark encounters, storms and strandings, stories of environmental value and threat, wild beauty, personal enchantment and spirit. Together these stories reveal a world beyond the reach of most travelers. They also offer support and offer enticement to the intrepid few who may venture "out there" and return with stories of their own"--Amazon.com.</subfield>
    </datafield>
    <datafield tag="650" ind1=" " ind2="0">
      <subfield code="a">Natural history</subfield>
      <subfield code="z">Florida</subfield>
      <subfield code="z">Everglades.</subfield>
    </datafield>
    <datafield tag="651" ind1=" " ind2="0">
      <subfield code="a">Everglades National Park (Fla.)</subfield>
    </datafield>
    <datafield tag="651" ind1=" " ind2="0">
      <subfield code="a">Everglades (Fla.)</subfield>
    </datafield>
    <datafield tag="700" ind1="1" ind2=" ">
      <subfield code="a">Genzen, Holly,</subfield>
      <subfield code="e">author.</subfield>
    </datafield>
  </record>