
  <record>
    <leader>01292dam a22003015a 4500</leader>
    <controlfield tag="005">20210217141705.0</controlfield>
    <controlfield tag="008">190529m20192020le |||||||||||||| ||ara d</controlfield>
    <controlfield tag="001">99125424602806421</controlfield>
    <datafield tag="020" ind1=" " ind2=" ">
      <subfield code="c">$26.00</subfield>
    </datafield>
    <datafield tag="020" ind1=" " ind2=" ">
      <subfield code="a">9786140127494</subfield>
      <subfield code="q">(v. 1)</subfield>
    </datafield>
    <datafield tag="020" ind1=" " ind2=" ">
      <subfield code="a">9786140131538</subfield>
      <subfield code="q">(v. 2)</subfield>
    </datafield>
    <datafield tag="035" ind1=" " ind2=" ">
      <subfield code="a">(LB-BrSB)(LB-BrSB)300-181</subfield>
    </datafield>
    <datafield tag="037" ind1=" " ind2=" ">
      <subfield code="a">300-181</subfield>
      <subfield code="b">Sulaiman's Bookshop, Beirut, Lebanon, info@sulaimansbookshop.com</subfield>
      <subfield code="c">$26.00</subfield>
    </datafield>
    <datafield tag="040" ind1=" " ind2=" ">
      <subfield code="a">LB-BrSB</subfield>
      <subfield code="e">rda</subfield>
      <subfield code="c">LB-BrSB</subfield>
    </datafield>
    <datafield tag="066" ind1=" " ind2=" ">
      <subfield code="c">(3</subfield>
    </datafield>
    <datafield tag="090" ind1=" " ind2=" ">
      <subfield code="a">PJ8005.4</subfield>
      <subfield code="b">.U73 2019</subfield>
    </datafield>
    <datafield tag="100" ind1="1" ind2=" ">
      <subfield code="6">880-01</subfield>
      <subfield code="a">ʻUraynān, Yāsir ʻAbd al-ʻAzīz.</subfield>
    </datafield>
    <datafield tag="880" ind1="1" ind2=" ">
      <subfield code="6">100-01/(3/r</subfield>
      <subfield code="a">عرينان، ياسر عبد العزيز.</subfield>
    </datafield>
    <datafield tag="245" ind1="1" ind2="0">
      <subfield code="6">880-05</subfield>
      <subfield code="a">Safīr al-kawārith :</subfield>
      <subfield code="b">riwāyah /</subfield>
      <subfield code="c">Yāsir ʻAbd al-ʻAzīz al-ʻUraynān.</subfield>
    </datafield>
    <datafield tag="880" ind1="1" ind2="0">
      <subfield code="6">245-05/(3/r</subfield>
      <subfield code="a">سفير الكوارث :</subfield>
      <subfield code="b">رواية /</subfield>
      <subfield code="c">ياسر عبد العزيز العرينان.</subfield>
    </datafield>
    <datafield tag="250" ind1=" " ind2=" ">
      <subfield code="6">880-06</subfield>
      <subfield code="a">al-Ṭabʻah al-ūlá.</subfield>
    </datafield>
    <datafield tag="880" ind1=" " ind2=" ">
      <subfield code="6">250-06/(3/r</subfield>
      <subfield code="a">الطبعة الأولى.</subfield>
    </datafield>
    <datafield tag="260" ind1=" " ind2=" ">
      <subfield code="6">880-07</subfield>
      <subfield code="a">Bayrūt :</subfield>
      <subfield code="b">al-Dār al-ʻArabīyah lil-ʻUlūm Nāshirūn,</subfield>
      <subfield code="c">2019-2020</subfield>
    </datafield>
    <datafield tag="880" ind1=" " ind2=" ">
      <subfield code="6">260-07/(3/r</subfield>
      <subfield code="a">بيروت :</subfield>
      <subfield code="b">الدار العربية للعلوم ناشرون،</subfield>
      <subfield code="c">2019-2020</subfield>
    </datafield>
    <datafield tag="300" ind1=" " ind2=" ">
      <subfield code="a">2 volumes ;</subfield>
      <subfield code="c">22 cm.</subfield>
    </datafield>
    <datafield tag="546" ind1=" " ind2=" ">
      <subfield code="a">In Arabic.</subfield>
    </datafield>
    <datafield tag="650" ind1=" " ind2="0">
      <subfield code="a">Arabic fiction</subfield>
      <subfield code="z">Saudi Arabia</subfield>
      <subfield code="y">21st century.</subfield>
    </datafield>
    <datafield tag="852" ind1="0" ind2=" ">
      <subfield code="b">recap</subfield>
      <subfield code="c">pa</subfield>
      <subfield code="h">PJ8005.4</subfield>
      <subfield code="i">.U73 2019</subfield>
      <subfield code="8">22909173930006421</subfield>
    </datafield>
    <datafield tag="866" ind1=" " ind2="0">
      <subfield code="a">al-juz 2</subfield>
      <subfield code="8">22909173930006421</subfield>
    </datafield>
  </record>