
  <record>
    <leader>00409dam a2200133Ia 4500</leader>
    <controlfield tag="008">220110s9999||||xx |||||||||||||| ||eng||</controlfield>
    <controlfield tag="001">99125436764806421</controlfield>
    <datafield tag="010" ind1=" " ind2=" ">
      <subfield code="a">LC 2021-5497</subfield>
    </datafield>
    <datafield tag="020" ind1=" " ind2=" ">
      <subfield code="a">9780807176061 (Hardcover)</subfield>
    </datafield>
    <datafield tag="037" ind1=" " ind2=" ">
      <subfield code="a">W032881</subfield>
    </datafield>
    <datafield tag="245" ind1="1" ind2="0">
      <subfield code="a">Above New Orleans: Roofscapes of the Crescent City</subfield>
    </datafield>
    <datafield tag="260" ind1=" " ind2=" ">
      <subfield code="b">Louisiana State University Press, Baton Rouge.</subfield>
      <subfield code="c">2021</subfield>
    </datafield>
    <datafield tag="300" ind1=" " ind2=" ">
      <subfield code="a">264 pp.</subfield>
      <subfield code="c">29 x 35 cm.</subfield>
    </datafield>
    <datafield tag="546" ind1=" " ind2=" ">
      <subfield code="a">English</subfield>
    </datafield>
  </record>