
  <record>
    <leader>00818nam a22001575u 4500</leader>
    <controlfield tag="008">220202s2021    ja            000 0 jpn d</controlfield>
    <controlfield tag="005">20220324113738.0</controlfield>
    <controlfield tag="001">99125442631206421</controlfield>
    <datafield tag="020" ind1=" " ind2=" ">
      <subfield code="a">9784426101404</subfield>
    </datafield>
    <datafield tag="100" ind1="1" ind2=" ">
      <subfield code="6">880-01</subfield>
      <subfield code="a">Gonoi, Ikuo hoka</subfield>
    </datafield>
    <datafield tag="880" ind1="1" ind2=" ">
      <subfield code="6">100-01</subfield>
      <subfield code="a">五野井郁夫島薗進内田樹五十嵐太郎、他</subfield>
    </datafield>
    <datafield tag="245" ind1="1" ind2="0">
      <subfield code="6">880-02</subfield>
      <subfield code="a">Gendai yogo no kiso chishiki . 2022 :</subfield>
      <subfield code="b">kotoba o chikara ni</subfield>
    </datafield>
    <datafield tag="880" ind1="1" ind2="0">
      <subfield code="6">245-02</subfield>
      <subfield code="a">現代用語の基礎知識 . 2022 ：</subfield>
      <subfield code="b">ことばをちからに</subfield>
    </datafield>
    <datafield tag="260" ind1=" " ind2=" ">
      <subfield code="6">880-03</subfield>
      <subfield code="a">Tokyo :</subfield>
      <subfield code="b">Jiyu-Kokuminsha,</subfield>
      <subfield code="c">2021</subfield>
    </datafield>
    <datafield tag="880" ind1=" " ind2=" ">
      <subfield code="6">260-03</subfield>
      <subfield code="a">東京 :</subfield>
      <subfield code="b">自由国民社,</subfield>
      <subfield code="c">2021</subfield>
    </datafield>
    <datafield tag="852" ind1="0" ind2=" ">
      <subfield code="b">recap</subfield>
      <subfield code="c">pa</subfield>
      <subfield code="8">22913158440006421</subfield>
    </datafield>
    <datafield tag="876" ind1=" " ind2=" ">
      <subfield code="0">22913158440006421</subfield>
      <subfield code="j">0</subfield>
      <subfield code="x">WORK_ORDER_DEPARTMENT</subfield>
      <subfield code="z">pa</subfield>
      <subfield code="c">BOOK</subfield>
      <subfield code="p">32101108438282</subfield>
      <subfield code="f">pa</subfield>
      <subfield code="t">1</subfield>
      <subfield code="a">23913158430006421</subfield>
      <subfield code="b">Gen</subfield>
      <subfield code="d">2022-02-02 20:38:45</subfield>
      <subfield code="e">recap</subfield>
      <subfield code="y">recap</subfield>
    </datafield>
  </record>