
  <record>
    <leader>02274cam a2200445Ii 4500</leader>
    <controlfield tag="005">20220302143101.0</controlfield>
    <controlfield tag="008">210312s2021    sp a   gr     ||| 0 mul d</controlfield>
    <controlfield tag="001">99125451091406421</controlfield>
    <datafield tag="017" ind1=" " ind2=" ">
      <subfield code="a">M.761-2021</subfield>
      <subfield code="b">Oficina Depósito Legal Madrid</subfield>
    </datafield>
    <datafield tag="019" ind1=" " ind2=" ">
      <subfield code="a">1264877842</subfield>
    </datafield>
    <datafield tag="020" ind1=" " ind2=" ">
      <subfield code="a">9788498447651</subfield>
    </datafield>
    <datafield tag="020" ind1=" " ind2=" ">
      <subfield code="a">8498447658</subfield>
    </datafield>
    <datafield tag="035" ind1=" " ind2=" ">
      <subfield code="a">(OCoLC)1241664868</subfield>
      <subfield code="z">(OCoLC)1264877842</subfield>
    </datafield>
    <datafield tag="035" ind1=" " ind2=" ">
      <subfield code="a">(OCoLC)on1241664868</subfield>
    </datafield>
    <datafield tag="040" ind1=" " ind2=" ">
      <subfield code="a">PL#</subfield>
      <subfield code="b">spa</subfield>
      <subfield code="c">PL#</subfield>
      <subfield code="d">I5B</subfield>
      <subfield code="d">IBEAM</subfield>
      <subfield code="d">S9M</subfield>
    </datafield>
    <datafield tag="041" ind1=" " ind2=" ">
      <subfield code="a">spaeng</subfield>
    </datafield>
    <datafield tag="080" ind1=" " ind2=" ">
      <subfield code="a">77</subfield>
    </datafield>
    <datafield tag="080" ind1=" " ind2=" ">
      <subfield code="a">096:77</subfield>
    </datafield>
    <datafield tag="090" ind1=" " ind2=" ">
      <subfield code="a">X44868</subfield>
      <subfield code="b">.L46</subfield>
    </datafield>
    <datafield tag="099" ind1=" " ind2=" ">
      <subfield code="a">TR</subfield>
    </datafield>
    <datafield tag="245" ind1="0" ind2="3">
      <subfield code="a">La mirada cautiva :</subfield>
      <subfield code="b">colección de daguerrotipos del Centre de Recerva i Difusió de la Imatge (CRDI)-Girona /</subfield>
      <subfield code="c">[coordinación, Maria de Pfaff Puigmartí].</subfield>
    </datafield>
    <datafield tag="246" ind1="2" ind2=" ">
      <subfield code="a">colección de daguerrotipos del Centre de Recerva i Difusió de la Imatge (CRDI)-Girona</subfield>
    </datafield>
    <datafield tag="260" ind1=" " ind2=" ">
      <subfield code="a">Madrid :</subfield>
      <subfield code="b">Fundación MAPFRE,</subfield>
      <subfield code="c">c2021.</subfield>
    </datafield>
    <datafield tag="300" ind1=" " ind2=" ">
      <subfield code="a">156 p. :</subfield>
      <subfield code="b">il. ;</subfield>
      <subfield code="c">24 cm.</subfield>
    </datafield>
    <datafield tag="336" ind1=" " ind2=" ">
      <subfield code="a">text</subfield>
      <subfield code="2">rdacontent</subfield>
    </datafield>
    <datafield tag="337" ind1=" " ind2=" ">
      <subfield code="a">unmediated</subfield>
      <subfield code="2">rdamedia</subfield>
    </datafield>
    <datafield tag="338" ind1=" " ind2=" ">
      <subfield code="a">volume</subfield>
      <subfield code="2">rdacarrier</subfield>
    </datafield>
    <datafield tag="490" ind1="1" ind2=" ">
      <subfield code="a">Colección Archivos Fotográficos Fundación MAPFRE</subfield>
    </datafield>
    <datafield tag="500" ind1=" " ind2=" ">
      <subfield code="a">Catálogo de la exposición "La mirada cautiva" (26 de febrero a 23 de mayo de 2021), que nos sumerge en los orígenes de la fotografía a través de 105 imágenes de la colección de daguerrotipos del Centre de Recerca i Difusió de la Imatge (CRDI) del Ayuntamiento de Girona, una de las más notables por la relevancia y variedad de sus piezas.</subfield>
    </datafield>
    <datafield tag="546" ind1=" " ind2=" ">
      <subfield code="a">Textos en español y traducción en inglés</subfield>
    </datafield>
    <datafield tag="650" ind1=" " ind2="7">
      <subfield code="a">Fotolibros</subfield>
      <subfield code="z">España.</subfield>
      <subfield code="2">embne</subfield>
    </datafield>
    <datafield tag="650" ind1="0" ind2="7">
      <subfield code="a">Photobooks</subfield>
      <subfield code="z">Spain</subfield>
      <subfield code="2">embucm</subfield>
    </datafield>
    <datafield tag="650" ind1="0" ind2="7">
      <subfield code="a">Daguerrotipo</subfield>
      <subfield code="x">Exposiciones</subfield>
      <subfield code="2">embucm</subfield>
    </datafield>
    <datafield tag="650" ind1="0" ind2="7">
      <subfield code="a">Daguerreotype</subfield>
      <subfield code="x">Exhibitions</subfield>
      <subfield code="2">embucm</subfield>
    </datafield>
    <datafield tag="700" ind1="1" ind2=" ">
      <subfield code="a">Pfaff Puigmartí, Maria de</subfield>
    </datafield>
    <datafield tag="710" ind1="2" ind2=" ">
      <subfield code="a">Fundación Mapfre</subfield>
      <subfield code="2">embucm</subfield>
    </datafield>
    <datafield tag="710" ind1="2" ind2=" ">
      <subfield code="a">Centre de Recerca i Difusió de la Imatge (CRDI)</subfield>
      <subfield code="2">embucm</subfield>
    </datafield>
    <datafield tag="830" ind1=" " ind2="0">
      <subfield code="a">Colección Archivos Fotográficos Fundación MAPFRE.</subfield>
    </datafield>
    <datafield tag="830" ind1=" " ind2="0">
      <subfield code="a">Colección de Fotolibros (Biblioteca de la Facultad de Bellas Artes UCM)</subfield>
    </datafield>
    <datafield tag="856" ind1="4" ind2="2">
      <subfield code="u">https://www.fundacionmapfre.org/arte-y-cultura/exposiciones/historico/ano-2021/la-mirada-cautiva/</subfield>
      <subfield code="z">Página web de la exposición "La mirada cautiva".</subfield>
    </datafield>
  </record>