
  <record>
    <leader>00796ngm a2200253 a 4500</leader>
    <controlfield tag="005">20220325162322.0</controlfield>
    <controlfield tag="007">vd#cvaizu</controlfield>
    <controlfield tag="008">220321s2021    xxu011   n|eng d         </controlfield>
    <controlfield tag="001">99125465007006421</controlfield>
    <datafield tag="024" ind1="3" ind2=" ">
      <subfield code="a">####</subfield>
    </datafield>
    <datafield tag="028" ind1="2" ind2=" ">
      <subfield code="a">####</subfield>
      <subfield code="b">company</subfield>
    </datafield>
    <datafield tag="040" ind1=" " ind2=" ">
      <subfield code="d">NjP</subfield>
    </datafield>
    <datafield tag="245" ind1="0" ind2="0">
      <subfield code="a">Junior [short film].</subfield>
    </datafield>
    <datafield tag="264" ind1=" " ind2="1">
      <subfield code="a">[United States] :</subfield>
      <subfield code="b">Sweet and Vicious Productions,</subfield>
      <subfield code="c">2021.</subfield>
    </datafield>
    <datafield tag="300" ind1=" " ind2=" ">
      <subfield code="a">1 videodisc (11 min.) :</subfield>
      <subfield code="b">sound, color ;</subfield>
      <subfield code="c">4 3/4 in.</subfield>
    </datafield>
    <datafield tag="336" ind1=" " ind2=" ">
      <subfield code="a">two-dimensional moving image</subfield>
      <subfield code="b">tdi</subfield>
      <subfield code="2">rdacontent</subfield>
    </datafield>
    <datafield tag="337" ind1=" " ind2=" ">
      <subfield code="a">video</subfield>
      <subfield code="b">v</subfield>
      <subfield code="2">rdamedia</subfield>
    </datafield>
    <datafield tag="338" ind1=" " ind2=" ">
      <subfield code="a">videodisc</subfield>
      <subfield code="b">vd</subfield>
      <subfield code="2">rdacarrier</subfield>
    </datafield>
    <datafield tag="500" ind1=" " ind2=" ">
      <subfield code="a">DIGITAL FILM received</subfield>
    </datafield>
    <datafield tag="538" ind1=" " ind2=" ">
      <subfield code="a">DVD, Dolby digital.</subfield>
    </datafield>
    <datafield tag="546" ind1=" " ind2=" ">
      <subfield code="a">In Haitian.</subfield>
    </datafield>
    <datafield tag="655" ind1=" " ind2="7">
      <subfield code="a">Feature films.</subfield>
      <subfield code="2">lcgft</subfield>
    </datafield>
    <datafield tag="700" ind1="1" ind2=" ">
      <subfield code="a">Wilhelm, AJ,</subfield>
      <subfield code="e">director,</subfield>
      <subfield code="e">producer,</subfield>
      <subfield code="e">screenwriter</subfield>
    </datafield>
    <datafield tag="700" ind1="1" ind2=" ">
      <subfield code="a">Benardi, Francois,</subfield>
      <subfield code="e">editor.</subfield>
    </datafield>
    <datafield tag="852" ind1="0" ind2=" ">
      <subfield code="b">firestone</subfield>
      <subfield code="c">vidl</subfield>
      <subfield code="8">22919933340006421</subfield>
    </datafield>
    <datafield tag="876" ind1=" " ind2=" ">
      <subfield code="0">22919933340006421</subfield>
      <subfield code="j">0</subfield>
      <subfield code="x">WORK_ORDER_DEPARTMENT</subfield>
      <subfield code="z">vidl</subfield>
      <subfield code="c">VRECORD_OTHER</subfield>
      <subfield code="f">vidl</subfield>
      <subfield code="a">23919933330006421</subfield>
      <subfield code="b">Gen</subfield>
      <subfield code="d">2022-03-21 22:31:10</subfield>
      <subfield code="e">firestone</subfield>
      <subfield code="y">firestone</subfield>
    </datafield>
  </record>