
  <record>
    <leader>02498cgm a2200553Mi 4500</leader>
    <controlfield tag="005">20220325105410.0</controlfield>
    <controlfield tag="006">m     o  c        </controlfield>
    <controlfield tag="007">cr#una---unuuu</controlfield>
    <controlfield tag="007">vz#uzazuu</controlfield>
    <controlfield tag="008">211019p20212018cau085        o   vlrus d</controlfield>
    <controlfield tag="001">99125465024606421</controlfield>
    <datafield tag="019" ind1=" " ind2=" ">
      <subfield code="a">1280540025</subfield>
      <subfield code="a">1292695854</subfield>
    </datafield>
    <datafield tag="028" ind1="5" ind2="2">
      <subfield code="a">12431910</subfield>
      <subfield code="b">Kanopy</subfield>
    </datafield>
    <datafield tag="029" ind1="1" ind2=" ">
      <subfield code="a">AU@</subfield>
      <subfield code="b">000070078923</subfield>
    </datafield>
    <datafield tag="035" ind1=" " ind2=" ">
      <subfield code="a">(OCoLC)1286846820</subfield>
      <subfield code="z">(OCoLC)1280540025</subfield>
      <subfield code="z">(OCoLC)1292695854</subfield>
    </datafield>
    <datafield tag="035" ind1=" " ind2=" ">
      <subfield code="a">(OCoLC)on1286846820</subfield>
    </datafield>
    <datafield tag="040" ind1=" " ind2=" ">
      <subfield code="a">TOH</subfield>
      <subfield code="b">eng</subfield>
      <subfield code="e">rda</subfield>
      <subfield code="c">TOH</subfield>
      <subfield code="d">OCLCF</subfield>
      <subfield code="d">JTB</subfield>
      <subfield code="d">OCL</subfield>
      <subfield code="d">OCLCO</subfield>
      <subfield code="d">KNOPY</subfield>
    </datafield>
    <datafield tag="082" ind1="0" ind2="4">
      <subfield code="a">EVIDEO</subfield>
    </datafield>
    <datafield tag="245" ind1="0" ind2="2">
      <subfield code="a">A Sniper's War.</subfield>
    </datafield>
    <datafield tag="264" ind1=" " ind2="1">
      <subfield code="b">Journeyman Pictures,</subfield>
      <subfield code="c">2018.</subfield>
    </datafield>
    <datafield tag="264" ind1=" " ind2="1">
      <subfield code="a">[San Francisco, California, USA] :</subfield>
      <subfield code="b">Kanopy Streaming,</subfield>
      <subfield code="c">2021.</subfield>
    </datafield>
    <datafield tag="300" ind1=" " ind2=" ">
      <subfield code="a">1 online resource (streaming video file) (86 minutes):</subfield>
      <subfield code="b">.flv file, sound</subfield>
    </datafield>
    <datafield tag="336" ind1=" " ind2=" ">
      <subfield code="a">two-dimensional moving image</subfield>
      <subfield code="b">tdi</subfield>
      <subfield code="2">rdacontent</subfield>
    </datafield>
    <datafield tag="337" ind1=" " ind2=" ">
      <subfield code="a">computer</subfield>
      <subfield code="b">c</subfield>
      <subfield code="2">rdamedia</subfield>
    </datafield>
    <datafield tag="338" ind1=" " ind2=" ">
      <subfield code="a">online resource</subfield>
      <subfield code="b">cr</subfield>
      <subfield code="2">rdacarrier</subfield>
    </datafield>
    <datafield tag="344" ind1=" " ind2=" ">
      <subfield code="a">digital</subfield>
    </datafield>
    <datafield tag="347" ind1=" " ind2=" ">
      <subfield code="a">video file</subfield>
      <subfield code="b">MPEG-4</subfield>
      <subfield code="b">Flash</subfield>
    </datafield>
    <datafield tag="500" ind1=" " ind2=" ">
      <subfield code="a">Title from title frames.</subfield>
    </datafield>
    <datafield tag="500" ind1=" " ind2=" ">
      <subfield code="a">Film.</subfield>
    </datafield>
    <datafield tag="500" ind1=" " ind2=" ">
      <subfield code="a">In Process Record.</subfield>
    </datafield>
    <datafield tag="518" ind1=" " ind2=" ">
      <subfield code="a">Originally produced by Journeyman Pictures in 2018.</subfield>
    </datafield>
    <datafield tag="520" ind1=" " ind2=" ">
      <subfield code="a">Described as a "stealth invasion" of Ukraine, the proxy-war being waged in Donbass is a contentious conflict between pro-Russian separatists and the West. In the midst of swirling propaganda and controversy this brave doc follows Deki, a pro-Russian sniper tasked with defending his separatist comrades on the frontline of the conflict. In the midst of escalating international tensions, the film exposes an unseen side to this secretive war.</subfield>
    </datafield>
    <datafield tag="546" ind1=" " ind2=" ">
      <subfield code="a">In English.</subfield>
    </datafield>
    <datafield tag="650" ind1=" " ind2="0">
      <subfield code="a">Current affairs.</subfield>
    </datafield>
    <datafield tag="650" ind1=" " ind2="0">
      <subfield code="a">Balts (Indo-European people)</subfield>
    </datafield>
    <datafield tag="650" ind1=" " ind2="0">
      <subfield code="a">Documentary films.</subfield>
    </datafield>
    <datafield tag="650" ind1=" " ind2="7">
      <subfield code="a">Balts (Indo-European people)</subfield>
      <subfield code="2">fast</subfield>
      <subfield code="0">(OCoLC)fst00826267</subfield>
    </datafield>
    <datafield tag="650" ind1=" " ind2="7">
      <subfield code="a">Documentary films.</subfield>
      <subfield code="2">fast</subfield>
      <subfield code="0">(OCoLC)fst00896079</subfield>
    </datafield>
    <datafield tag="655" ind1=" " ind2="7">
      <subfield code="a">Documentary films.</subfield>
      <subfield code="2">fast</subfield>
      <subfield code="0">(OCoLC)fst01710390</subfield>
    </datafield>
    <datafield tag="655" ind1=" " ind2="7">
      <subfield code="a">Documentary films.</subfield>
      <subfield code="2">lcgft</subfield>
    </datafield>
    <datafield tag="700" ind1="1" ind2=" ">
      <subfield code="a">Schechter, Olya,</subfield>
      <subfield code="e">film director.</subfield>
    </datafield>
    <datafield tag="710" ind1="2" ind2=" ">
      <subfield code="a">Journeyman Pictures (Firm),</subfield>
      <subfield code="e">distributor.</subfield>
    </datafield>
    <datafield tag="710" ind1="2" ind2=" ">
      <subfield code="a">Kanopy (Firm),</subfield>
      <subfield code="e">distributor.</subfield>
    </datafield>
    <datafield tag="856" ind1="4" ind2="0">
      <subfield code="u">https://torontopl.kanopy.com/node/11431911</subfield>
      <subfield code="z">A Kanopy streaming video</subfield>
    </datafield>
    <datafield tag="856" ind1="4" ind2="2">
      <subfield code="z">Cover Image</subfield>
      <subfield code="u">https://www.kanopy.com/node/11431911/external-image</subfield>
    </datafield>
    <datafield tag="856" ind1="4" ind2="0">
      <subfield code="u">https://staff.kanopy.com/node/11431911</subfield>
      <subfield code="z">A Kanopy streaming video</subfield>
    </datafield>
    <datafield tag="852" ind1="0" ind2=" ">
      <subfield code="b">firestone</subfield>
      <subfield code="c">stacks</subfield>
      <subfield code="8">22919941010006421</subfield>
    </datafield>
    <datafield tag="876" ind1=" " ind2=" ">
      <subfield code="0">22919941010006421</subfield>
      <subfield code="j">0</subfield>
      <subfield code="x">TRANSIT</subfield>
      <subfield code="z">stacks</subfield>
      <subfield code="c">VRECORD</subfield>
      <subfield code="f">stacks</subfield>
      <subfield code="a">23919941000006421</subfield>
      <subfield code="b">Gen</subfield>
      <subfield code="d">2022-03-17 13:39:17</subfield>
      <subfield code="e">firestone</subfield>
      <subfield code="y">firestone</subfield>
    </datafield>
  </record>