
  <record>
    <leader>01234dam a2200313M  4500</leader>
    <controlfield tag="005">20220321090417.0</controlfield>
    <controlfield tag="008">220105s2021    it            000 0 fre d</controlfield>
    <controlfield tag="001">99125465108906421</controlfield>
    <datafield tag="020" ind1=" " ind2=" ">
      <subfield code="a">9788892901377</subfield>
    </datafield>
    <datafield tag="020" ind1=" " ind2=" ">
      <subfield code="a">8892901370</subfield>
    </datafield>
    <datafield tag="035" ind1=" " ind2=" ">
      <subfield code="a">(OCoLC)1291300883</subfield>
    </datafield>
    <datafield tag="035" ind1=" " ind2=" ">
      <subfield code="a">(DE-627)1784818380</subfield>
    </datafield>
    <datafield tag="035" ind1=" " ind2=" ">
      <subfield code="a">(DE-599)KXP1784818380</subfield>
    </datafield>
    <datafield tag="035" ind1=" " ind2=" ">
      <subfield code="a">(OCoLC)on1291300883</subfield>
    </datafield>
    <datafield tag="040" ind1=" " ind2=" ">
      <subfield code="a">GBVCP</subfield>
      <subfield code="b">ger</subfield>
      <subfield code="e">rda</subfield>
      <subfield code="c">GBVCP</subfield>
      <subfield code="d">OCLCO</subfield>
      <subfield code="d">DEBBG</subfield>
      <subfield code="d">OCLCO</subfield>
    </datafield>
    <datafield tag="084" ind1=" " ind2=" ">
      <subfield code="a">BO 2030</subfield>
      <subfield code="2">rvk</subfield>
    </datafield>
    <datafield tag="100" ind1="1" ind2=" ">
      <subfield code="a">Lazaris, Stavros</subfield>
      <subfield code="e">VerfasserIn.</subfield>
      <subfield code="4">aut</subfield>
    </datafield>
    <datafield tag="245" ind1="1" ind2="3">
      <subfield code="a">Le physiologus grec</subfield>
      <subfield code="n">volume 2</subfield>
      <subfield code="p">Donner à voir la nature / Stavros Lazaris</subfield>
      <subfield code="c">Stavros Lazaris.</subfield>
    </datafield>
    <datafield tag="264" ind1=" " ind2="1">
      <subfield code="a">Firenze</subfield>
      <subfield code="b">Sismel, Edizioni del Galluzzo</subfield>
      <subfield code="c">2021</subfield>
    </datafield>
    <datafield tag="300" ind1=" " ind2=" ">
      <subfield code="a">XVI, 432 Seiten, 160 ungezählte Seiten Bildtafeln</subfield>
      <subfield code="b">Illustrationen</subfield>
    </datafield>
    <datafield tag="336" ind1=" " ind2=" ">
      <subfield code="a">Text</subfield>
      <subfield code="b">txt</subfield>
      <subfield code="2">rdacontent</subfield>
    </datafield>
    <datafield tag="337" ind1=" " ind2=" ">
      <subfield code="a">ohne Hilfsmittel zu benutzen</subfield>
      <subfield code="b">n</subfield>
      <subfield code="2">rdamedia</subfield>
    </datafield>
    <datafield tag="338" ind1=" " ind2=" ">
      <subfield code="a">Band</subfield>
      <subfield code="b">nc</subfield>
      <subfield code="2">rdacarrier</subfield>
    </datafield>
    <datafield tag="490" ind1="1" ind2=" ">
      <subfield code="a">Micrologus library</subfield>
      <subfield code="v">107 = 77/2</subfield>
    </datafield>
    <datafield tag="600" ind1="0" ind2="7">
      <subfield code="a">Physiologus Graecus</subfield>
      <subfield code="d">2.-4. Jh.</subfield>
      <subfield code="2">gnd</subfield>
    </datafield>
    <datafield tag="773" ind1="1" ind2="8">
      <subfield code="w">(DE-627)1551912759</subfield>
      <subfield code="w">(DE-576)481912754</subfield>
      <subfield code="g">volume 2</subfield>
      <subfield code="q">2</subfield>
      <subfield code="7">|||m</subfield>
    </datafield>
    <datafield tag="830" ind1=" " ind2="0">
      <subfield code="a">Micrologus' library</subfield>
      <subfield code="v">107 = 77/2.</subfield>
      <subfield code="w">(DE-627)267840977</subfield>
      <subfield code="w">(DE-576)069937540</subfield>
      <subfield code="w">(DE-600)1471243-X</subfield>
    </datafield>
  </record>