
  <record>
    <leader>00792dam a2200253 a 4500</leader>
    <controlfield tag="005">20200928150836.0</controlfield>
    <controlfield tag="008">110306s2011    enk           000 1 eng c</controlfield>
    <controlfield tag="001">9967863063506421</controlfield>
    <datafield tag="035" ind1=" " ind2=" ">
      <subfield code="a">6786306</subfield>
    </datafield>
    <datafield tag="035" ind1=" " ind2=" ">
      <subfield code="a">(OCoLC)ocn748649552</subfield>
      <subfield code="z">(OCoLC)ocn706030086</subfield>
    </datafield>
    <datafield tag="035" ind1=" " ind2=" ">
      <subfield code="a">(NjP)6786306-princetondb</subfield>
    </datafield>
    <datafield tag="035" ind1=" " ind2=" ">
      <subfield code="z">(OCoLC)706030086</subfield>
    </datafield>
    <datafield tag="040" ind1=" " ind2=" ">
      <subfield code="a">BTCTA</subfield>
      <subfield code="b">eng</subfield>
      <subfield code="c">BTCTA</subfield>
      <subfield code="d">CDX</subfield>
      <subfield code="d">YDXCP</subfield>
      <subfield code="d">NjP</subfield>
    </datafield>
    <datafield tag="020" ind1=" " ind2=" ">
      <subfield code="a">9780857380678</subfield>
    </datafield>
    <datafield tag="020" ind1=" " ind2=" ">
      <subfield code="a">0857380672</subfield>
    </datafield>
    <datafield tag="042" ind1=" " ind2=" ">
      <subfield code="a">pcc</subfield>
    </datafield>
    <datafield tag="050" ind1=" " ind2="4">
      <subfield code="a">PR6113.Y54</subfield>
      <subfield code="b">L49 2011</subfield>
    </datafield>
    <datafield tag="019" ind1=" " ind2=" ">
      <subfield code="a">706030086</subfield>
    </datafield>
    <datafield tag="100" ind1="1" ind2=" ">
      <subfield code="a">Mylet, James.</subfield>
      <subfield code="0">http://id.loc.gov/authorities/names/no2011188052</subfield>
    </datafield>
    <datafield tag="245" ind1="1" ind2="0">
      <subfield code="a">Lex /</subfield>
      <subfield code="c">James Mylet.</subfield>
    </datafield>
    <datafield tag="260" ind1=" " ind2=" ">
      <subfield code="a">London :</subfield>
      <subfield code="b">Quercus Books,</subfield>
      <subfield code="c">2011.</subfield>
    </datafield>
    <datafield tag="300" ind1=" " ind2=" ">
      <subfield code="a">289 p. ;</subfield>
      <subfield code="c">24 cm.</subfield>
    </datafield>
    <datafield tag="500" ind1=" " ind2=" ">
      <subfield code="a">Novel.</subfield>
    </datafield>
    <datafield tag="655" ind1=" " ind2="7">
      <subfield code="a">Fiction.</subfield>
      <subfield code="2">lcgft</subfield>
      <subfield code="0">http://id.loc.gov/authorities/genreForms/gf2014026339</subfield>
    </datafield>
    <datafield tag="852" ind1="0" ind2=" ">
      <subfield code="b">firestone</subfield>
      <subfield code="c">stacks</subfield>
      <subfield code="h">PR6113.Y54</subfield>
      <subfield code="i">L49 2011</subfield>
      <subfield code="8">22595093480006421</subfield>
    </datafield>
  </record>