
  <record>
    <leader>01333dam a22002894a 4500</leader>
    <controlfield tag="005">20200928173625.0</controlfield>
    <controlfield tag="008">110912s2011    ii     g      000 j eng d</controlfield>
    <controlfield tag="001">9968714943506421</controlfield>
    <datafield tag="020" ind1=" " ind2=" ">
      <subfield code="a">9789350291023 (pbk.)</subfield>
    </datafield>
    <datafield tag="020" ind1=" " ind2=" ">
      <subfield code="a">9350291029 (pbk.)</subfield>
    </datafield>
    <datafield tag="035" ind1=" " ind2=" ">
      <subfield code="a">(OCoLC)757173701</subfield>
    </datafield>
    <datafield tag="035" ind1=" " ind2=" ">
      <subfield code="a">(OCoLC)ocn757173701</subfield>
    </datafield>
    <datafield tag="035" ind1=" " ind2=" ">
      <subfield code="a">6871494</subfield>
    </datafield>
    <datafield tag="035" ind1=" " ind2=" ">
      <subfield code="a">(NjP)6871494-princetondb</subfield>
    </datafield>
    <datafield tag="040" ind1=" " ind2=" ">
      <subfield code="a">DKAGE</subfield>
      <subfield code="b">eng</subfield>
      <subfield code="c">DKAGE</subfield>
      <subfield code="d">NjP</subfield>
    </datafield>
    <datafield tag="044" ind1=" " ind2=" ">
      <subfield code="a">ii</subfield>
      <subfield code="a">nyu</subfield>
    </datafield>
    <datafield tag="050" ind1=" " ind2="4">
      <subfield code="a">PR9499.3.A25</subfield>
      <subfield code="b">A6 2011</subfield>
    </datafield>
    <datafield tag="082" ind1="0" ind2="4">
      <subfield code="a">823.91</subfield>
      <subfield code="2">23</subfield>
    </datafield>
    <datafield tag="100" ind1="1" ind2=" ">
      <subfield code="a">Abbas, Khwaja Ahmad.</subfield>
      <subfield code="0">http://id.loc.gov/authorities/names/n50041750</subfield>
    </datafield>
    <datafield tag="240" ind1="1" ind2="0">
      <subfield code="a">Short stories.</subfield>
      <subfield code="k">Selections</subfield>
    </datafield>
    <datafield tag="245" ind1="1" ind2="3">
      <subfield code="a">An evening in Lucknow :</subfield>
      <subfield code="b">selected stories /</subfield>
      <subfield code="c">K.A. Abbas ; edited by Suresh Kohli.</subfield>
    </datafield>
    <datafield tag="260" ind1=" " ind2=" ">
      <subfield code="a">New York ;</subfield>
      <subfield code="a">New Delhi :</subfield>
      <subfield code="b">Harperperennial,</subfield>
      <subfield code="c">c2011.</subfield>
    </datafield>
    <datafield tag="300" ind1=" " ind2=" ">
      <subfield code="a">226 p. ;</subfield>
      <subfield code="c">20 cm.</subfield>
    </datafield>
    <datafield tag="505" ind1="0" ind2=" ">
      <subfield code="a">The sparrows -- Flowers for her feet -- Sylvia -- The miracle of Prajapur -- The sword of Shiva -- The flag -- The dumb cow -- An evening in Lucknow -- June in December -- The new temple -- Three women -- The umbrella -- The green motor car -- The black sun -- The rock and the dream -- The madness of man -- Revenge.</subfield>
    </datafield>
    <datafield tag="655" ind1=" " ind2="7">
      <subfield code="a">Short stories.</subfield>
      <subfield code="2">lcgft</subfield>
      <subfield code="0">http://id.loc.gov/authorities/genreForms/gf2014026542</subfield>
    </datafield>
    <datafield tag="700" ind1="1" ind2=" ">
      <subfield code="a">Kohli, Suresh.</subfield>
      <subfield code="0">http://id.loc.gov/authorities/names/n50042964</subfield>
    </datafield>
    <datafield tag="852" ind1="0" ind2=" ">
      <subfield code="b">firestone</subfield>
      <subfield code="c">stacks</subfield>
      <subfield code="h">PR9499.3.A25</subfield>
      <subfield code="i">A6 2011</subfield>
      <subfield code="8">22480198970006421</subfield>
    </datafield>
  </record>