
  <record>
    <leader>01433dam a2200289 a 4500</leader>
    <controlfield tag="005">20200928174645.0</controlfield>
    <controlfield tag="008">110926s2011    ii     g      000 j eng d</controlfield>
    <controlfield tag="001">9968879693506421</controlfield>
    <datafield tag="010" ind1=" " ind2=" ">
      <subfield code="a">  2011350755</subfield>
    </datafield>
    <datafield tag="020" ind1=" " ind2=" ">
      <subfield code="a">9780143417323 (pbk.)</subfield>
    </datafield>
    <datafield tag="020" ind1=" " ind2=" ">
      <subfield code="a">0143417320 (pbk.)</subfield>
    </datafield>
    <datafield tag="035" ind1=" " ind2=" ">
      <subfield code="a">(OCoLC)758214322</subfield>
    </datafield>
    <datafield tag="035" ind1=" " ind2=" ">
      <subfield code="a">(OCoLC)ocn758214322</subfield>
    </datafield>
    <datafield tag="035" ind1=" " ind2=" ">
      <subfield code="a">6887969</subfield>
    </datafield>
    <datafield tag="035" ind1=" " ind2=" ">
      <subfield code="a">(NjP)6887969-princetondb</subfield>
    </datafield>
    <datafield tag="037" ind1=" " ind2=" ">
      <subfield code="a">Library of Congress -- New Delhi Overseas Office</subfield>
    </datafield>
    <datafield tag="040" ind1=" " ind2=" ">
      <subfield code="a">DKAGE</subfield>
      <subfield code="b">eng</subfield>
      <subfield code="c">DKAGE</subfield>
      <subfield code="d">DLC</subfield>
    </datafield>
    <datafield tag="050" ind1=" " ind2="4">
      <subfield code="a">PR9499.3.D339</subfield>
      <subfield code="b">A6 2011</subfield>
    </datafield>
    <datafield tag="082" ind1="0" ind2="4">
      <subfield code="a">823.91</subfield>
      <subfield code="2">23</subfield>
    </datafield>
    <datafield tag="100" ind1="1" ind2=" ">
      <subfield code="a">Daruwalla, Keki N.,</subfield>
      <subfield code="d">1937-</subfield>
      <subfield code="0">http://id.loc.gov/authorities/names/n85338770</subfield>
    </datafield>
    <datafield tag="245" ind1="1" ind2="0">
      <subfield code="a">Love across the salt desert :</subfield>
      <subfield code="b">selected short stories /</subfield>
      <subfield code="c">Keki N. Daruwalla.</subfield>
    </datafield>
    <datafield tag="260" ind1=" " ind2=" ">
      <subfield code="a">New Delhi :</subfield>
      <subfield code="b">Ravi Dayal Publisher :</subfield>
      <subfield code="b">Penguin Books India,</subfield>
      <subfield code="c">2011.</subfield>
    </datafield>
    <datafield tag="300" ind1=" " ind2=" ">
      <subfield code="a">xi, 230 p. ;</subfield>
      <subfield code="c">20 cm.</subfield>
    </datafield>
    <datafield tag="500" ind1=" " ind2=" ">
      <subfield code="a">Short stories.</subfield>
    </datafield>
    <datafield tag="505" ind1="0" ind2=" ">
      <subfield code="a">Love across the salt desert -- How the Quit India movement came to Alipur -- The tree -- Shaman -- The case of the black Ambassador -- The ford -- of Abul Qasim -- In a high wind -- The day of the winter solstice -- When Gandhi came to Gorakhpur -- The potting of the white -- The Jahangir syndrome -- Daughter -- Walls -- Going -- The jogger -- Trojan horse -- A house in Ranikhet -- Of mother -- The retired panther.</subfield>
    </datafield>
    <datafield tag="655" ind1=" " ind2="7">
      <subfield code="a">Short stories.</subfield>
      <subfield code="2">lcgft</subfield>
      <subfield code="0">http://id.loc.gov/authorities/genreForms/gf2014026542</subfield>
    </datafield>
    <datafield tag="852" ind1="0" ind2=" ">
      <subfield code="b">firestone</subfield>
      <subfield code="c">stacks</subfield>
      <subfield code="h">PR9499.3.D339</subfield>
      <subfield code="i">A6 2011</subfield>
      <subfield code="8">22536896080006421</subfield>
    </datafield>
  </record>