
  <record>
    <leader>00878dam a2200265 a 4500</leader>
    <controlfield tag="005">20200928174717.0</controlfield>
    <controlfield tag="008">110605s2011    enk           000 j eng c</controlfield>
    <controlfield tag="001">9968882213506421</controlfield>
    <datafield tag="020" ind1=" " ind2=" ">
      <subfield code="a">9781844355419</subfield>
    </datafield>
    <datafield tag="020" ind1=" " ind2=" ">
      <subfield code="a">1844355411</subfield>
    </datafield>
    <datafield tag="035" ind1=" " ind2=" ">
      <subfield code="a">6888221</subfield>
    </datafield>
    <datafield tag="035" ind1=" " ind2=" ">
      <subfield code="a">(OCoLC)ocn729348812</subfield>
      <subfield code="z">(OCoLC)ocn729348822</subfield>
    </datafield>
    <datafield tag="035" ind1=" " ind2=" ">
      <subfield code="a">(NjP)6888221-princetondb</subfield>
    </datafield>
    <datafield tag="035" ind1=" " ind2=" ">
      <subfield code="z">(OCoLC)729348822</subfield>
    </datafield>
    <datafield tag="040" ind1=" " ind2=" ">
      <subfield code="a">BTCTA</subfield>
      <subfield code="b">eng</subfield>
      <subfield code="c">BTCTA</subfield>
      <subfield code="d">NLE</subfield>
      <subfield code="d">UKMGB</subfield>
      <subfield code="d">COO</subfield>
      <subfield code="d">NjP</subfield>
    </datafield>
    <datafield tag="042" ind1=" " ind2=" ">
      <subfield code="a">pcc</subfield>
    </datafield>
    <datafield tag="050" ind1=" " ind2="4">
      <subfield code="a">PR6119.H435</subfield>
      <subfield code="b">E937 2011</subfield>
    </datafield>
    <datafield tag="082" ind1="0" ind2="4">
      <subfield code="a">823.92</subfield>
      <subfield code="2">22</subfield>
    </datafield>
    <datafield tag="019" ind1=" " ind2=" ">
      <subfield code="a">729348822</subfield>
    </datafield>
    <datafield tag="100" ind1="1" ind2=" ">
      <subfield code="a">Shearman, Robert.</subfield>
      <subfield code="0">http://id.loc.gov/authorities/names/n2008041738</subfield>
    </datafield>
    <datafield tag="245" ind1="1" ind2="0">
      <subfield code="a">Everyone's just so so special /</subfield>
      <subfield code="c">Robert Shearman.</subfield>
    </datafield>
    <datafield tag="260" ind1=" " ind2=" ">
      <subfield code="a">Maidenhead [England] :</subfield>
      <subfield code="b">Big Finish,</subfield>
      <subfield code="c">2011.</subfield>
    </datafield>
    <datafield tag="300" ind1=" " ind2=" ">
      <subfield code="a">383 p. ;</subfield>
      <subfield code="c">22 cm.</subfield>
    </datafield>
    <datafield tag="655" ind1=" " ind2="7">
      <subfield code="a">Short stories.</subfield>
      <subfield code="2">lcgft</subfield>
      <subfield code="0">http://id.loc.gov/authorities/genreForms/gf2014026542</subfield>
    </datafield>
    <datafield tag="852" ind1="0" ind2=" ">
      <subfield code="b">firestone</subfield>
      <subfield code="c">stacks</subfield>
      <subfield code="h">PR6119.H435</subfield>
      <subfield code="i">E937 2011</subfield>
      <subfield code="8">22581780550006421</subfield>
    </datafield>
  </record>