
  <record>
    <leader>02151dam a2200325 a 4500</leader>
    <controlfield tag="005">20200928170036.0</controlfield>
    <controlfield tag="008">111102s2011    nyuaf         000 0 eng d</controlfield>
    <controlfield tag="001">9969594873506421</controlfield>
    <datafield tag="010" ind1=" " ind2=" ">
      <subfield code="a">  2011456857</subfield>
    </datafield>
    <datafield tag="035" ind1=" " ind2=" ">
      <subfield code="a">(OCoLC)ocn719428764</subfield>
    </datafield>
    <datafield tag="035" ind1=" " ind2=" ">
      <subfield code="a">6959487</subfield>
    </datafield>
    <datafield tag="035" ind1=" " ind2=" ">
      <subfield code="a">(OCoLC)719428764</subfield>
    </datafield>
    <datafield tag="035" ind1=" " ind2=" ">
      <subfield code="a">(NjP)6959487-princetondb</subfield>
    </datafield>
    <datafield tag="040" ind1=" " ind2=" ">
      <subfield code="a">BTCTA</subfield>
      <subfield code="b">eng</subfield>
      <subfield code="c">BTCTA</subfield>
      <subfield code="d">DLC</subfield>
      <subfield code="d">FN4</subfield>
      <subfield code="d">ZQP</subfield>
      <subfield code="d">IK2</subfield>
      <subfield code="d">SRC</subfield>
      <subfield code="d">ORX</subfield>
      <subfield code="d">BUR</subfield>
      <subfield code="d">YDXCP</subfield>
      <subfield code="d">CDX</subfield>
    </datafield>
    <datafield tag="020" ind1=" " ind2=" ">
      <subfield code="a">9780312645427</subfield>
    </datafield>
    <datafield tag="020" ind1=" " ind2=" ">
      <subfield code="a">0312645422</subfield>
    </datafield>
    <datafield tag="042" ind1=" " ind2=" ">
      <subfield code="a">lccopycat</subfield>
    </datafield>
    <datafield tag="050" ind1="0" ind2="0">
      <subfield code="a">GV875.N4</subfield>
      <subfield code="b">C37 2011</subfield>
    </datafield>
    <datafield tag="082" ind1="0" ind2="4">
      <subfield code="a">796.3576406</subfield>
      <subfield code="2">23</subfield>
    </datafield>
    <datafield tag="049" ind1=" " ind2=" ">
      <subfield code="a">PULL</subfield>
    </datafield>
    <datafield tag="100" ind1="1" ind2=" ">
      <subfield code="a">Castillo, Luis.</subfield>
      <subfield code="0">http://id.loc.gov/authorities/names/n2002090403</subfield>
    </datafield>
    <datafield tag="245" ind1="1" ind2="0">
      <subfield code="a">Clubhouse confidential :</subfield>
      <subfield code="b">a Yankee bat boy's insider tale of wild nights, gambling, and good times with modern baseball's greatest team /</subfield>
      <subfield code="c">Luis "Squeegee" Castillo ; with William Cane.</subfield>
    </datafield>
    <datafield tag="250" ind1=" " ind2=" ">
      <subfield code="a">1st ed.</subfield>
    </datafield>
    <datafield tag="260" ind1=" " ind2=" ">
      <subfield code="a">New York :</subfield>
      <subfield code="b">St. Martins Press,</subfield>
      <subfield code="c">c2011.</subfield>
    </datafield>
    <datafield tag="300" ind1=" " ind2=" ">
      <subfield code="a">293 p., [8] p. of plates :</subfield>
      <subfield code="b">col. ill. ;</subfield>
      <subfield code="c">25 cm.</subfield>
    </datafield>
    <datafield tag="520" ind1=" " ind2=" ">
      <subfield code="a">You are invited to come behind the closed doors of the Yankees' clubhouse in this intimate memoir about the team's recent glory years and the superstars who made it all possible. For the first time ever, Luis "Squeegee" Castillo, bat boy and clubbie for the Yankees from 1998 to 2005, talks about working with Derek Jeter, Andy Pettitte, Jorge Posada, Mariano Rivera, Joe Girardi, Bernie Williams, Roger Clemens, Joe Torre, and many other modern-day Yankee greats. Luis saw and heard what really happened in the privacy of the clubhouse, at parties, and in hotel rooms, bar fights, and secret meetings. He even vacationed with some players and got to know them like family, discovering their pitching and hitting secrets, joining them in all-nighters, and learning their often hilarious methods of meeting girls and having fun on the road.--From publisher description.</subfield>
    </datafield>
    <datafield tag="610" ind1="2" ind2="0">
      <subfield code="a">New York Yankees (Baseball team)</subfield>
      <subfield code="0">http://id.loc.gov/authorities/names/n81118918</subfield>
    </datafield>
    <datafield tag="600" ind1="1" ind2="0">
      <subfield code="a">Castillo, Luis.</subfield>
      <subfield code="0">http://id.loc.gov/authorities/names/n2002090403</subfield>
    </datafield>
    <datafield tag="700" ind1="1" ind2=" ">
      <subfield code="a">Cane, William.</subfield>
      <subfield code="0">http://id.loc.gov/authorities/names/n90696471</subfield>
    </datafield>
    <datafield tag="852" ind1="0" ind2=" ">
      <subfield code="b">firestone</subfield>
      <subfield code="c">stacks</subfield>
      <subfield code="h">GV875.N4</subfield>
      <subfield code="i">C37 2011</subfield>
      <subfield code="8">22703636430006421</subfield>
    </datafield>
  </record>