
  <record>
    <leader>01154dam a2200253 a 4500</leader>
    <controlfield tag="005">20200929113450.0</controlfield>
    <controlfield tag="008">111108s2012    enk           000 0 eng d</controlfield>
    <controlfield tag="001">9970223063506421</controlfield>
    <datafield tag="035" ind1=" " ind2=" ">
      <subfield code="a">7022306</subfield>
    </datafield>
    <datafield tag="035" ind1=" " ind2=" ">
      <subfield code="a">(OCoLC)ocn829128646</subfield>
    </datafield>
    <datafield tag="035" ind1=" " ind2=" ">
      <subfield code="a">(NjP)7022306-princetondb</subfield>
    </datafield>
    <datafield tag="040" ind1=" " ind2=" ">
      <subfield code="a">TCJ</subfield>
      <subfield code="c">TCJ</subfield>
    </datafield>
    <datafield tag="020" ind1=" " ind2=" ">
      <subfield code="a">9781408164761</subfield>
    </datafield>
    <datafield tag="020" ind1=" " ind2=" ">
      <subfield code="a">1408164760</subfield>
    </datafield>
    <datafield tag="050" ind1=" " ind2="4">
      <subfield code="a">GV721.7</subfield>
      <subfield code="b">.A83 2012</subfield>
    </datafield>
    <datafield tag="100" ind1="1" ind2=" ">
      <subfield code="a">Ascough, Phil.</subfield>
      <subfield code="0">http://id.loc.gov/authorities/names/no2011154980</subfield>
    </datafield>
    <datafield tag="245" ind1="1" ind2="4">
      <subfield code="a">The armchair Olympian /</subfield>
      <subfield code="c">Phil Ascough.</subfield>
    </datafield>
    <datafield tag="260" ind1=" " ind2=" ">
      <subfield code="a">London :</subfield>
      <subfield code="b">Bloomsbury,</subfield>
      <subfield code="c">c2012.</subfield>
    </datafield>
    <datafield tag="300" ind1=" " ind2=" ">
      <subfield code="a">176 p. :</subfield>
      <subfield code="b">ill. ;</subfield>
      <subfield code="c">20 cm.</subfield>
    </datafield>
    <datafield tag="505" ind1="0" ind2=" ">
      <subfield code="a">Introduction -- Firsts -- Cities and venues -- Controversies -- Howlers -- Shocks and upsets -- Heroes and villains -- In the family -- Track stars -- Field of dreams -- Two wheels -- In the water -- On the water -- Ball control -- Tough guys -- Leaps and bounds -- Horseplay -- Choose your weapons -- Net winners -- All-rounders -- Legends -- Olympic oddments.</subfield>
    </datafield>
    <datafield tag="650" ind1=" " ind2="0">
      <subfield code="a">Olympics</subfield>
      <subfield code="v">Miscellanea.</subfield>
    </datafield>
    <datafield tag="655" ind1=" " ind2="7">
      <subfield code="a">Trivia and miscellanea.</subfield>
      <subfield code="2">lcgft</subfield>
      <subfield code="0">http://id.loc.gov/authorities/genreForms/gf2014026201</subfield>
    </datafield>
    <datafield tag="852" ind1="0" ind2=" ">
      <subfield code="b">firestone</subfield>
      <subfield code="c">stacks</subfield>
      <subfield code="h">GV721.7</subfield>
      <subfield code="i">.A83 2012</subfield>
      <subfield code="8">22540039280006421</subfield>
    </datafield>
  </record>