
  <record>
    <leader>02072dam a2200325 a 4500</leader>
    <controlfield tag="005">20200929104538.0</controlfield>
    <controlfield tag="008">101101s2011    wvua     b    001 0deng d</controlfield>
    <controlfield tag="001">9970475803506421</controlfield>
    <datafield tag="010" ind1=" " ind2=" ">
      <subfield code="a">  2011920471</subfield>
    </datafield>
    <datafield tag="035" ind1=" " ind2=" ">
      <subfield code="a">(OCoLC)ocn733943549</subfield>
    </datafield>
    <datafield tag="035" ind1=" " ind2=" ">
      <subfield code="a">7047580</subfield>
    </datafield>
    <datafield tag="035" ind1=" " ind2=" ">
      <subfield code="a">(OCoLC)733943549</subfield>
      <subfield code="z">(OCoLC)676743627</subfield>
    </datafield>
    <datafield tag="035" ind1=" " ind2=" ">
      <subfield code="a">(NjP)7047580-princetondb</subfield>
    </datafield>
    <datafield tag="035" ind1=" " ind2=" ">
      <subfield code="z">(OCoLC)676743627</subfield>
    </datafield>
    <datafield tag="040" ind1=" " ind2=" ">
      <subfield code="a">HLS</subfield>
      <subfield code="c">HLS</subfield>
      <subfield code="d">YDXCP</subfield>
      <subfield code="d">LML</subfield>
      <subfield code="d">UAB</subfield>
      <subfield code="d">CDX</subfield>
      <subfield code="d">BDX</subfield>
    </datafield>
    <datafield tag="019" ind1=" " ind2=" ">
      <subfield code="a">676743627</subfield>
    </datafield>
    <datafield tag="020" ind1=" " ind2=" ">
      <subfield code="a">1935412248</subfield>
    </datafield>
    <datafield tag="020" ind1=" " ind2=" ">
      <subfield code="a">9781935412243</subfield>
    </datafield>
    <datafield tag="050" ind1=" " ind2="4">
      <subfield code="a">GV867.3</subfield>
      <subfield code="b">.D33 2011</subfield>
    </datafield>
    <datafield tag="100" ind1="1" ind2=" ">
      <subfield code="a">Dabscheck, Braham.</subfield>
      <subfield code="0">http://id.loc.gov/authorities/names/n82106465</subfield>
    </datafield>
    <datafield tag="245" ind1="1" ind2="0">
      <subfield code="a">Reading baseball :</subfield>
      <subfield code="b">books, biographies, and the business of the game /</subfield>
      <subfield code="c">by Braham Dabscheck.</subfield>
    </datafield>
    <datafield tag="260" ind1=" " ind2=" ">
      <subfield code="a">Morgantown, WV :</subfield>
      <subfield code="b">Fitness Information Technology,</subfield>
      <subfield code="c">c2011.</subfield>
    </datafield>
    <datafield tag="300" ind1=" " ind2=" ">
      <subfield code="a">xxiii, 212 p. :</subfield>
      <subfield code="b">ill. ;</subfield>
      <subfield code="c">23 cm.</subfield>
    </datafield>
    <datafield tag="490" ind1="1" ind2=" ">
      <subfield code="a">Sport &amp; global cultures series</subfield>
    </datafield>
    <datafield tag="504" ind1=" " ind2=" ">
      <subfield code="a">Includes bibliographical references (p. [201]-203) and index.</subfield>
    </datafield>
    <datafield tag="505" ind1="0" ind2=" ">
      <subfield code="a">A simple matter of control : industrial relations in American baseball -- Sport, law, America! -- An American hero : Curt Flood and his struggle against organized baseball -- The sporting cartel in history -- Stephen Jay Gould finds joy in Mudville -- Baseball and philosophy -- Baseball : a refuge from America -- Baseball biographies : the darling of whiteball and the epicenter of blackball -- Branch Rickey : baseball's master paternalist -- Shadows in the spotlight : two Jewish-American baseball players -- Babe Ruth, Lou Gehrig, and Barry Bonds : the rise and fall of American baseball players -- The commissioners -- The formation and early years of the Australian Baseball League -- Spalding's world tour and baseball in Asia -- Latinos and the national pastime.</subfield>
    </datafield>
    <datafield tag="650" ind1=" " ind2="0">
      <subfield code="a">Baseball</subfield>
      <subfield code="z">United States</subfield>
      <subfield code="x">History.</subfield>
      <subfield code="0">http://id.loc.gov/authorities/subjects/sh2008117470</subfield>
    </datafield>
    <datafield tag="650" ind1=" " ind2="0">
      <subfield code="a">Baseball</subfield>
      <subfield code="v">Biography.</subfield>
      <subfield code="0">http://id.loc.gov/authorities/subjects/sh89004580</subfield>
    </datafield>
    <datafield tag="650" ind1=" " ind2="0">
      <subfield code="a">Baseball</subfield>
      <subfield code="x">History.</subfield>
      <subfield code="0">http://id.loc.gov/authorities/subjects/sh85012029</subfield>
    </datafield>
    <datafield tag="830" ind1=" " ind2="0">
      <subfield code="a">Sport &amp; global cultures series</subfield>
    </datafield>
    <datafield tag="852" ind1="0" ind2=" ">
      <subfield code="b">firestone</subfield>
      <subfield code="c">stacks</subfield>
      <subfield code="h">GV867.3</subfield>
      <subfield code="i">.D33 2011</subfield>
      <subfield code="8">22607293720006421</subfield>
    </datafield>
  </record>