
  <record>
    <leader>02561dam a2200385 a 4500</leader>
    <controlfield tag="005">20200929110051.0</controlfield>
    <controlfield tag="008">100618s2010    gw a     b    001 0 eng  </controlfield>
    <controlfield tag="001">9970627263506421</controlfield>
    <datafield tag="010" ind1=" " ind2=" ">
      <subfield code="a">  2010930921</subfield>
    </datafield>
    <datafield tag="035" ind1=" " ind2=" ">
      <subfield code="a">(OCoLC)ocn646114254</subfield>
    </datafield>
    <datafield tag="035" ind1=" " ind2=" ">
      <subfield code="a">7062726</subfield>
    </datafield>
    <datafield tag="035" ind1=" " ind2=" ">
      <subfield code="a">(OCoLC)646114254</subfield>
    </datafield>
    <datafield tag="035" ind1=" " ind2=" ">
      <subfield code="a">(NjP)7062726-princetondb</subfield>
    </datafield>
    <datafield tag="040" ind1=" " ind2=" ">
      <subfield code="a">DLC</subfield>
      <subfield code="b">eng</subfield>
      <subfield code="c">DLC</subfield>
      <subfield code="d">BTCTA</subfield>
      <subfield code="d">YDXCP</subfield>
      <subfield code="d">CDX</subfield>
      <subfield code="d">GWDNB</subfield>
      <subfield code="d">CFI</subfield>
      <subfield code="d">OHX</subfield>
      <subfield code="d">TJC</subfield>
      <subfield code="d">TULIB</subfield>
    </datafield>
    <datafield tag="015" ind1=" " ind2=" ">
      <subfield code="a">10,N17</subfield>
      <subfield code="2">dnb</subfield>
    </datafield>
    <datafield tag="016" ind1="7" ind2=" ">
      <subfield code="a">100179057X</subfield>
      <subfield code="2">DE-101</subfield>
    </datafield>
    <datafield tag="020" ind1=" " ind2=" ">
      <subfield code="a">9783642132049 (hardcover : alk. paper)</subfield>
    </datafield>
    <datafield tag="020" ind1=" " ind2=" ">
      <subfield code="a">3642132049 (hardcover : alk. paper)</subfield>
    </datafield>
    <datafield tag="042" ind1=" " ind2=" ">
      <subfield code="a">pcc</subfield>
    </datafield>
    <datafield tag="050" ind1="0" ind2="0">
      <subfield code="a">GV716</subfield>
      <subfield code="b">.B9 2010</subfield>
    </datafield>
    <datafield tag="082" ind1="0" ind2="4">
      <subfield code="a">338.47796</subfield>
      <subfield code="2">DDC22ger</subfield>
    </datafield>
    <datafield tag="084" ind1=" " ind2=" ">
      <subfield code="a">330</subfield>
      <subfield code="a">650</subfield>
      <subfield code="2">GyFmDB</subfield>
    </datafield>
    <datafield tag="100" ind1="1" ind2=" ">
      <subfield code="a">Butenko, Sergiy.</subfield>
      <subfield code="0">http://id.loc.gov/authorities/names/n2002162281</subfield>
    </datafield>
    <datafield tag="245" ind1="1" ind2="0">
      <subfield code="a">Optimal strategies in sports economics and management /</subfield>
      <subfield code="c">Sergiy Butenko, Jaime Gil-Lafuente, Panos Pardalos.</subfield>
    </datafield>
    <datafield tag="250" ind1=" " ind2=" ">
      <subfield code="a">1st ed.</subfield>
    </datafield>
    <datafield tag="260" ind1=" " ind2=" ">
      <subfield code="a">Heidelberg ;</subfield>
      <subfield code="a">New York :</subfield>
      <subfield code="b">Springer,</subfield>
      <subfield code="c">c2010.</subfield>
    </datafield>
    <datafield tag="300" ind1=" " ind2=" ">
      <subfield code="a">xvi, 215 p. :</subfield>
      <subfield code="b">ill. ;</subfield>
      <subfield code="c">24 cm.</subfield>
    </datafield>
    <datafield tag="504" ind1=" " ind2=" ">
      <subfield code="a">Includes bibliographical references and index.</subfield>
    </datafield>
    <datafield tag="505" ind1="0" ind2=" ">
      <subfield code="a">Affinity in the selection of a player / Jaime Gil-Aluja and Anna M. Gil-Lafuente -- Game systems in team sports / Jaime Gil-Lafuente -- The impact of the global financial crisis on sport in North America / Brad R. Humphreys -- Managing and modeling the combination of resources in professional sporting events / Lionel Maltese and Lucien Veran -- Governance and sporting success of top 20 football clubs after economic crisis / Domenico Marino -- The stadium game in an uncertain environment : a preliminary look at arena discourse in Edmonton, Canada / Daniel S. Mason -- A complex network approach to crisis recovering in sport applications / Francesco Carlo Morabito -- A study of fairness in fourball golf competition / Patrick Siegbahn and Donald Hearn -- Can subsidies help buy success? : revenue sharing in English football / Rob Simmons and Ian Walker -- Commercial football and the economic cycle / Stefan Szymanski -- Economics of gambling on sports : a multistage stochastic programming approach to American jai alai gambling strategies / Qipeng P. Zheng, Yingyan Lou, and Panos M. Pardalos.</subfield>
    </datafield>
    <datafield tag="650" ind1=" " ind2="0">
      <subfield code="a">Sports</subfield>
      <subfield code="x">Economic aspects</subfield>
      <subfield code="v">Congresses.</subfield>
    </datafield>
    <datafield tag="650" ind1=" " ind2="0">
      <subfield code="a">Sports administration</subfield>
      <subfield code="v">Congresses.</subfield>
    </datafield>
    <datafield tag="650" ind1=" " ind2="0">
      <subfield code="a">Sports</subfield>
      <subfield code="x">Management</subfield>
      <subfield code="v">Congresses.</subfield>
    </datafield>
    <datafield tag="856" ind1="4" ind2="2">
      <subfield code="u">http://d-nb.info/100179057X/04</subfield>
      <subfield code="3">Inhaltsverzeichnis</subfield>
    </datafield>
    <datafield tag="856" ind1="4" ind2="2">
      <subfield code="q">text/html</subfield>
      <subfield code="u">http://deposit.d-nb.de/cgi-bin/dokserv?id=3459108&amp;prov=M&amp;dok_var=1&amp;dok_ext=htm</subfield>
      <subfield code="3">Inhaltstext</subfield>
    </datafield>
    <datafield tag="852" ind1="0" ind2=" ">
      <subfield code="b">firestone</subfield>
      <subfield code="c">stacks</subfield>
      <subfield code="h">GV716</subfield>
      <subfield code="i">.B9 2010</subfield>
      <subfield code="8">22532621630006421</subfield>
    </datafield>
  </record>