
  <record>
    <leader>03955dam a22004098a 4500</leader>
    <controlfield tag="005">20200929123155.0</controlfield>
    <controlfield tag="008">120224s2012    nyu           001 0beng  </controlfield>
    <controlfield tag="001">9970750823506421</controlfield>
    <datafield tag="010" ind1=" " ind2=" ">
      <subfield code="a">  2012004000</subfield>
    </datafield>
    <datafield tag="035" ind1=" " ind2=" ">
      <subfield code="a">(OCoLC)ocn753624861</subfield>
    </datafield>
    <datafield tag="035" ind1=" " ind2=" ">
      <subfield code="a">7075082</subfield>
    </datafield>
    <datafield tag="035" ind1=" " ind2=" ">
      <subfield code="a">(OCoLC)753624861</subfield>
    </datafield>
    <datafield tag="035" ind1=" " ind2=" ">
      <subfield code="a">(NjP)7075082-princetondb</subfield>
    </datafield>
    <datafield tag="040" ind1=" " ind2=" ">
      <subfield code="a">DLC</subfield>
      <subfield code="b">eng</subfield>
      <subfield code="c">DLC</subfield>
      <subfield code="d">BTCTA</subfield>
      <subfield code="d">BDX</subfield>
      <subfield code="d">YDXCP</subfield>
      <subfield code="d">MLY</subfield>
    </datafield>
    <datafield tag="020" ind1=" " ind2=" ">
      <subfield code="a">9780345526489 (hardback)</subfield>
    </datafield>
    <datafield tag="020" ind1=" " ind2=" ">
      <subfield code="a">0345526481 (hardback)</subfield>
    </datafield>
    <datafield tag="020" ind1=" " ind2=" ">
      <subfield code="z">9780345526502 (ebook)</subfield>
    </datafield>
    <datafield tag="020" ind1=" " ind2=" ">
      <subfield code="z">0345526503 (ebook)</subfield>
    </datafield>
    <datafield tag="042" ind1=" " ind2=" ">
      <subfield code="a">pcc</subfield>
    </datafield>
    <datafield tag="043" ind1=" " ind2=" ">
      <subfield code="a">n-us---</subfield>
    </datafield>
    <datafield tag="050" ind1="0" ind2="0">
      <subfield code="a">GV865.G59</subfield>
      <subfield code="b">A3 2012</subfield>
    </datafield>
    <datafield tag="082" ind1="0" ind2="0">
      <subfield code="a">796.357092</subfield>
      <subfield code="a">B</subfield>
      <subfield code="2">23</subfield>
    </datafield>
    <datafield tag="084" ind1=" " ind2=" ">
      <subfield code="a">SPO003000</subfield>
      <subfield code="a">BIO026000</subfield>
      <subfield code="a">SPO019000</subfield>
      <subfield code="2">bisacsh</subfield>
    </datafield>
    <datafield tag="049" ind1=" " ind2=" ">
      <subfield code="a">PULJ</subfield>
    </datafield>
    <datafield tag="100" ind1="1" ind2=" ">
      <subfield code="a">Gomez, Vernona.</subfield>
      <subfield code="0">http://id.loc.gov/authorities/names/n2012012843</subfield>
    </datafield>
    <datafield tag="245" ind1="1" ind2="0">
      <subfield code="a">Lefty :</subfield>
      <subfield code="b">an American odyssey /</subfield>
      <subfield code="c">Vernona Gomez and Lawrence Goldstone.</subfield>
    </datafield>
    <datafield tag="260" ind1=" " ind2=" ">
      <subfield code="a">New York :</subfield>
      <subfield code="b">Ballantine Books,</subfield>
      <subfield code="c">2012.</subfield>
    </datafield>
    <datafield tag="263" ind1=" " ind2=" ">
      <subfield code="a">1205</subfield>
    </datafield>
    <datafield tag="300" ind1=" " ind2=" ">
      <subfield code="a">xx. 393 p., [16] p. of plates :</subfield>
      <subfield code="b">ill. ;</subfield>
      <subfield code="c">24 cm.</subfield>
    </datafield>
    <datafield tag="500" ind1=" " ind2=" ">
      <subfield code="a">Includes index.</subfield>
    </datafield>
    <datafield tag="520" ind1=" " ind2=" ">
      <subfield code="a">"A baseball legend distinguished by his competitive nature, quick wit, and generous spirit, Lefty Gomez was one of a kind. Told for the first time, this is his remarkable story. Born to a small-town California ranching family, the youngest of eight, Vernon "Lefty" Gomez rode his powerful arm and jocular personality right across America to the dugout of the New York Yankees. Lefty baffled hitters with his blazing fastball, establishing himself as the team's ace. He vacationed with Babe Ruth, served as Joe DiMaggio's confidant, and consoled Lou Gehrig the day the "Iron Horse" removed himself from the lineup. He started and won the first-ever All-Star Game, was the first pitcher to make the cover of Time magazine, and barnstormed Japan as part of Major League Baseball's grand ambassadorial tour in 1934. Away from the diamond, Lefty played the big-city bon vivant, marrying Broadway star June O'Dea and hobnobbing with a who's who of celebrities, including George Gershwin, Jack Dempsey, Ernest Hemingway, Marilyn Monroe, George M. Cohan, and James Michener. He even scored a private audience with the pope. And even when his pro ball career was done, Lefty wasn't. He became a national representative for Wilson Sporting Goods, logging over 100,000 miles a year, spreading the word about America's favorite game, and touching thousands of lives. In 1972 he was inducted into the National Baseball Hall of Fame. Three baseball fields are named for him, and to this day the top honor bestowed each year by the American Baseball Coaches Association is the Lefty Gomez Award. Now, drawing on countless conversations with Lefty, interweaving more than three hundred interviews conducted with his family, friends, competitors, and teammates over the course of a decade, and revealing candid photos, documents, and film clips--many never shown publicly--his daughter Vernona Gomez and her award-winning co-author Lawrence Goldstone vividly re-create the life and adventures of the irreverent southpaw fondly dubbed "El Señor Goofy." "I'd rather be lucky than good," Lefty Gomez once quipped--one of many classic one-liners documented here. In the end he was both. A star-studded romp through baseball's most glorious seasons and America's most glamorous years, Lefty is at once a long-overdue reminder of a pitcher's greatness and a heartwarming celebration of a life well-lived"--</subfield>
      <subfield code="c">Provided by publisher.</subfield>
    </datafield>
    <datafield tag="600" ind1="1" ind2="0">
      <subfield code="a">Gomez, Vernon,</subfield>
      <subfield code="d">1908-1989.</subfield>
      <subfield code="0">http://id.loc.gov/authorities/names/n2012012841</subfield>
    </datafield>
    <datafield tag="650" ind1=" " ind2="0">
      <subfield code="a">Baseball players</subfield>
      <subfield code="z">United States</subfield>
      <subfield code="v">Biography.</subfield>
      <subfield code="0">http://id.loc.gov/authorities/subjects/sh2007101902</subfield>
    </datafield>
    <datafield tag="650" ind1=" " ind2="0">
      <subfield code="a">Pitchers (Baseball)</subfield>
      <subfield code="z">United States</subfield>
      <subfield code="v">Biography.</subfield>
      <subfield code="0">http://id.loc.gov/authorities/subjects/sh2010106482</subfield>
    </datafield>
    <datafield tag="700" ind1="1" ind2=" ">
      <subfield code="a">Goldstone, Lawrence,</subfield>
      <subfield code="d">1947-</subfield>
      <subfield code="0">http://id.loc.gov/authorities/names/n87136453</subfield>
    </datafield>
    <datafield tag="856" ind1="4" ind2="2">
      <subfield code="3">Cover image</subfield>
      <subfield code="u">978-0-345-52648-9.jpg</subfield>
    </datafield>
    <datafield tag="852" ind1="0" ind2=" ">
      <subfield code="b">firestone</subfield>
      <subfield code="c">stacks</subfield>
      <subfield code="h">GV865.G59</subfield>
      <subfield code="i">A3 2012</subfield>
      <subfield code="8">22749759370006421</subfield>
    </datafield>
  </record>