
  <record>
    <leader>01309dam a2200325 a 4500</leader>
    <controlfield tag="005">20200929123156.0</controlfield>
    <controlfield tag="008">110916s2012    nyuaf    b    001 0 eng  </controlfield>
    <controlfield tag="001">9970750953506421</controlfield>
    <datafield tag="010" ind1=" " ind2=" ">
      <subfield code="a">  2011039006</subfield>
    </datafield>
    <datafield tag="035" ind1=" " ind2=" ">
      <subfield code="a">(OCoLC)ocn754105742</subfield>
    </datafield>
    <datafield tag="035" ind1=" " ind2=" ">
      <subfield code="a">7075095</subfield>
    </datafield>
    <datafield tag="035" ind1=" " ind2=" ">
      <subfield code="a">(OCoLC)754105742</subfield>
    </datafield>
    <datafield tag="035" ind1=" " ind2=" ">
      <subfield code="a">(NjP)7075095-princetondb</subfield>
    </datafield>
    <datafield tag="040" ind1=" " ind2=" ">
      <subfield code="a">DLC</subfield>
      <subfield code="b">eng</subfield>
      <subfield code="c">DLC</subfield>
      <subfield code="d">YDX</subfield>
      <subfield code="d">BTCTA</subfield>
      <subfield code="d">YDXCP</subfield>
      <subfield code="d">BDX</subfield>
      <subfield code="d">UKMGB</subfield>
      <subfield code="d">MLY</subfield>
      <subfield code="d">HHO</subfield>
      <subfield code="d">IK2</subfield>
      <subfield code="d">JBO</subfield>
    </datafield>
    <datafield tag="016" ind1="7" ind2=" ">
      <subfield code="a">016063238</subfield>
      <subfield code="2">Uk</subfield>
    </datafield>
    <datafield tag="020" ind1=" " ind2=" ">
      <subfield code="a">9781608194926 (hardcover : alk. paper)</subfield>
    </datafield>
    <datafield tag="020" ind1=" " ind2=" ">
      <subfield code="a">1608194922 (hardcover : alk. paper)</subfield>
    </datafield>
    <datafield tag="043" ind1=" " ind2=" ">
      <subfield code="a">n-us-ny</subfield>
    </datafield>
    <datafield tag="050" ind1="0" ind2="0">
      <subfield code="a">GV875.N4</subfield>
      <subfield code="b">A664 2012</subfield>
    </datafield>
    <datafield tag="082" ind1="0" ind2="0">
      <subfield code="a">796.357/64097471</subfield>
      <subfield code="2">23</subfield>
    </datafield>
    <datafield tag="049" ind1=" " ind2=" ">
      <subfield code="a">PULJ</subfield>
    </datafield>
    <datafield tag="100" ind1="1" ind2=" ">
      <subfield code="a">Appel, Martin.</subfield>
      <subfield code="0">http://id.loc.gov/authorities/names/n79094538</subfield>
    </datafield>
    <datafield tag="245" ind1="1" ind2="0">
      <subfield code="a">Pinstripe empire :</subfield>
      <subfield code="b">the New York Yankees from before the Babe to after the Boss /</subfield>
      <subfield code="c">Marty Appel.</subfield>
    </datafield>
    <datafield tag="250" ind1=" " ind2=" ">
      <subfield code="a">1st U.S. ed.</subfield>
    </datafield>
    <datafield tag="260" ind1=" " ind2=" ">
      <subfield code="a">New York :</subfield>
      <subfield code="b">Bloomsbury,</subfield>
      <subfield code="c">2012.</subfield>
    </datafield>
    <datafield tag="300" ind1=" " ind2=" ">
      <subfield code="a">xvii, 620 p., [32] p. of plates :</subfield>
      <subfield code="b">ill. (some col.) ;</subfield>
      <subfield code="c">25 cm.</subfield>
    </datafield>
    <datafield tag="504" ind1=" " ind2=" ">
      <subfield code="a">Includes bibliographical references and index.</subfield>
    </datafield>
    <datafield tag="520" ind1=" " ind2=" ">
      <subfield code="a">Presents a narrative history of the Yankees from the team's beginnings in 1903 through 2011 that profiles its owners, players, and twenty-seven championships.</subfield>
    </datafield>
    <datafield tag="610" ind1="2" ind2="0">
      <subfield code="a">New York Yankees (Baseball team)</subfield>
      <subfield code="x">History.</subfield>
    </datafield>
    <datafield tag="852" ind1="0" ind2=" ">
      <subfield code="b">firestone</subfield>
      <subfield code="c">stacks</subfield>
      <subfield code="h">GV875.N4</subfield>
      <subfield code="i">A664 2012</subfield>
      <subfield code="8">22749769200006421</subfield>
    </datafield>
  </record>