
  <record>
    <leader>00850dam a2200265 a 4500</leader>
    <controlfield tag="005">20200929123158.0</controlfield>
    <controlfield tag="008">111007s2012    onc           000 1 eng  </controlfield>
    <controlfield tag="001">9970751123506421</controlfield>
    <datafield tag="035" ind1=" " ind2=" ">
      <subfield code="a">(OCoLC)ocn757055437</subfield>
    </datafield>
    <datafield tag="035" ind1=" " ind2=" ">
      <subfield code="a">7075112</subfield>
    </datafield>
    <datafield tag="035" ind1=" " ind2=" ">
      <subfield code="a">(OCoLC)757055437</subfield>
    </datafield>
    <datafield tag="035" ind1=" " ind2=" ">
      <subfield code="a">(NjP)7075112-princetondb</subfield>
    </datafield>
    <datafield tag="040" ind1=" " ind2=" ">
      <subfield code="a">NLC</subfield>
      <subfield code="b">eng</subfield>
      <subfield code="c">NLC</subfield>
      <subfield code="d">OCLCQ</subfield>
      <subfield code="d">YDXCP</subfield>
      <subfield code="d">CDX</subfield>
    </datafield>
    <datafield tag="020" ind1=" " ind2=" ">
      <subfield code="a">9780385661454</subfield>
    </datafield>
    <datafield tag="020" ind1=" " ind2=" ">
      <subfield code="a">0385661452</subfield>
    </datafield>
    <datafield tag="050" ind1=" " ind2="4">
      <subfield code="a">PR9199.4.L353</subfield>
      <subfield code="b">H42 2012</subfield>
    </datafield>
    <datafield tag="055" ind1=" " ind2="0">
      <subfield code="a">PS8623 A467</subfield>
      <subfield code="b">H42 2012</subfield>
    </datafield>
    <datafield tag="082" ind1="0" ind2="4">
      <subfield code="a">C813/.6</subfield>
      <subfield code="2">23</subfield>
    </datafield>
    <datafield tag="082" ind1="0" ind2="4">
      <subfield code="a">813/.6</subfield>
      <subfield code="2">23</subfield>
    </datafield>
    <datafield tag="100" ind1="1" ind2=" ">
      <subfield code="a">Lam, Vincent.</subfield>
      <subfield code="0">http://id.loc.gov/authorities/names/no2006038402</subfield>
    </datafield>
    <datafield tag="245" ind1="1" ind2="4">
      <subfield code="a">The headmaster's wager /</subfield>
      <subfield code="c">Vincent Lam.</subfield>
    </datafield>
    <datafield tag="260" ind1=" " ind2=" ">
      <subfield code="a">Toronto :</subfield>
      <subfield code="b">Doubleday Canada,</subfield>
      <subfield code="c">2012.</subfield>
    </datafield>
    <datafield tag="300" ind1=" " ind2=" ">
      <subfield code="a">393 p. ;</subfield>
      <subfield code="c">25 cm.</subfield>
    </datafield>
    <datafield tag="655" ind1=" " ind2="7">
      <subfield code="a">Fiction.</subfield>
      <subfield code="2">lcgft</subfield>
      <subfield code="0">http://id.loc.gov/authorities/genreForms/gf2014026339</subfield>
    </datafield>
    <datafield tag="852" ind1="0" ind2=" ">
      <subfield code="b">firestone</subfield>
      <subfield code="c">stacks</subfield>
      <subfield code="h">PR9199.4.L353</subfield>
      <subfield code="i">H42 2012</subfield>
      <subfield code="8">22749796550006421</subfield>
    </datafield>
  </record>