
  <record>
    <leader>02015dam a2200361 a 4500</leader>
    <controlfield tag="005">20200929123159.0</controlfield>
    <controlfield tag="008">110326s2012    nyubc         000 1 eng d</controlfield>
    <controlfield tag="001">9970751193506421</controlfield>
    <datafield tag="010" ind1=" " ind2=" ">
      <subfield code="a">  2011902728</subfield>
    </datafield>
    <datafield tag="035" ind1=" " ind2=" ">
      <subfield code="a">(OCoLC)ocn709680966</subfield>
    </datafield>
    <datafield tag="035" ind1=" " ind2=" ">
      <subfield code="a">7075119</subfield>
    </datafield>
    <datafield tag="035" ind1=" " ind2=" ">
      <subfield code="a">(OCoLC)709680966</subfield>
    </datafield>
    <datafield tag="035" ind1=" " ind2=" ">
      <subfield code="a">(NjP)7075119-princetondb</subfield>
    </datafield>
    <datafield tag="040" ind1=" " ind2=" ">
      <subfield code="a">BTCTA</subfield>
      <subfield code="b">eng</subfield>
      <subfield code="c">BTCTA</subfield>
      <subfield code="d">YDXCP</subfield>
      <subfield code="d">UKMGB</subfield>
      <subfield code="d">GZD</subfield>
      <subfield code="d">NYP</subfield>
      <subfield code="d">BDX</subfield>
      <subfield code="d">ORX</subfield>
      <subfield code="d">BWX</subfield>
      <subfield code="d">NDD</subfield>
      <subfield code="d">NUI</subfield>
      <subfield code="d">CZA</subfield>
      <subfield code="d">MR0</subfield>
      <subfield code="d">ZCU</subfield>
      <subfield code="d">CDX</subfield>
    </datafield>
    <datafield tag="020" ind1=" " ind2=" ">
      <subfield code="a">9781617750274 (pbk.)</subfield>
    </datafield>
    <datafield tag="020" ind1=" " ind2=" ">
      <subfield code="a">1617750271 (pbk.)</subfield>
    </datafield>
    <datafield tag="050" ind1=" " ind2="4">
      <subfield code="a">PR9497.35.D48</subfield>
      <subfield code="b">M863 2012</subfield>
    </datafield>
    <datafield tag="245" ind1="0" ind2="0">
      <subfield code="a">Mumbai noir /</subfield>
      <subfield code="c">edited by Altaf Tyrewala.</subfield>
    </datafield>
    <datafield tag="260" ind1=" " ind2=" ">
      <subfield code="a">New York :</subfield>
      <subfield code="b">Akashic Books,</subfield>
      <subfield code="c">c2012.</subfield>
    </datafield>
    <datafield tag="300" ind1=" " ind2=" ">
      <subfield code="a">279 p. :</subfield>
      <subfield code="b">map, ports. ;</subfield>
      <subfield code="c">21 cm.</subfield>
    </datafield>
    <datafield tag="490" ind1="1" ind2=" ">
      <subfield code="a">Akashic noir series</subfield>
    </datafield>
    <datafield tag="500" ind1=" " ind2=" ">
      <subfield code="a">"AKB235"--Spine.</subfield>
    </datafield>
    <datafield tag="505" ind1="0" ind2="0">
      <subfield code="g">pt. I. : Bomb-ay.</subfield>
      <subfield code="t">Justice /</subfield>
      <subfield code="r">Riaz Mulla --</subfield>
      <subfield code="t">Romantic customer /</subfield>
      <subfield code="r">Paromita Vohra --</subfield>
      <subfield code="t">By two /</subfield>
      <subfield code="r">Devashish Makhija --</subfield>
      <subfield code="t">Chachu at dusk /</subfield>
      <subfield code="r">Abbas Tyrewala --</subfield>
      <subfield code="g">pt. II. : Dangerous liaisons.</subfield>
      <subfield code="t">Nagpada blues /</subfield>
      <subfield code="r">Ahmed Bunglowala --</subfield>
      <subfield code="t">Body in the gali /</subfield>
      <subfield code="r">Smita Harish Jain --</subfield>
      <subfield code="t">Suitable girl /</subfield>
      <subfield code="r">Annie Zaidi --</subfield>
      <subfield code="t">TZP /</subfield>
      <subfield code="r">R. Raj Rao --</subfield>
      <subfield code="t">Pakeezah /</subfield>
      <subfield code="r">Avtar Singh --</subfield>
      <subfield code="g">pt. III. : An island unto itself. The</subfield>
      <subfield code="t">watchman /</subfield>
      <subfield code="r">Altaf Tyrewala --</subfield>
      <subfield code="t">Lucky 501 /</subfield>
      <subfield code="r">Sonia Faleiro --</subfield>
      <subfield code="t">Egg /</subfield>
      <subfield code="r">Namita Devidayal --</subfield>
      <subfield code="t">At Leopold Café /</subfield>
      <subfield code="r">Kalpish Ratna --</subfield>
      <subfield code="t">They /</subfield>
      <subfield code="r">Jerry Pinto.</subfield>
    </datafield>
    <datafield tag="651" ind1=" " ind2="0">
      <subfield code="a">Mumbai (India)</subfield>
      <subfield code="v">Fiction.</subfield>
      <subfield code="0">http://id.loc.gov/authorities/subjects/sh2007101978</subfield>
    </datafield>
    <datafield tag="651" ind1=" " ind2="0">
      <subfield code="a">India</subfield>
      <subfield code="v">Fiction.</subfield>
      <subfield code="0">http://id.loc.gov/authorities/subjects/sh2008104233</subfield>
    </datafield>
    <datafield tag="650" ind1=" " ind2="0">
      <subfield code="a">Indic fiction (English)</subfield>
      <subfield code="y">21st century.</subfield>
    </datafield>
    <datafield tag="650" ind1=" " ind2="0">
      <subfield code="a">Noir fiction, Indic (English)</subfield>
    </datafield>
    <datafield tag="650" ind1=" " ind2="0">
      <subfield code="a">Detective and mystery stories, Indic (English)</subfield>
      <subfield code="0">http://id.loc.gov/authorities/subjects/sh2009007874</subfield>
    </datafield>
    <datafield tag="655" ind1=" " ind2="7">
      <subfield code="a">Fiction.</subfield>
      <subfield code="2">lcgft</subfield>
      <subfield code="0">http://id.loc.gov/authorities/genreForms/gf2014026339</subfield>
    </datafield>
    <datafield tag="655" ind1=" " ind2="7">
      <subfield code="a">Fiction.</subfield>
      <subfield code="2">lcgft</subfield>
      <subfield code="0">http://id.loc.gov/authorities/genreForms/gf2014026339</subfield>
    </datafield>
    <datafield tag="700" ind1="1" ind2=" ">
      <subfield code="a">Tyrewala, Altaf.</subfield>
      <subfield code="0">http://id.loc.gov/authorities/names/n2005210603</subfield>
    </datafield>
    <datafield tag="830" ind1=" " ind2="0">
      <subfield code="a">Akashic noir series</subfield>
    </datafield>
    <datafield tag="852" ind1="0" ind2=" ">
      <subfield code="b">firestone</subfield>
      <subfield code="c">stacks</subfield>
      <subfield code="h">PR9497.35.D48</subfield>
      <subfield code="i">M863 2012</subfield>
      <subfield code="8">22749756680006421</subfield>
    </datafield>
  </record>