
  <record>
    <leader>02916dam a2200445 a 4500</leader>
    <controlfield tag="005">20200929123310.0</controlfield>
    <controlfield tag="008">111222s2012    mdua     b    001 0 eng  </controlfield>
    <controlfield tag="001">9970756263506421</controlfield>
    <datafield tag="010" ind1=" " ind2=" ">
      <subfield code="a">  2011050587</subfield>
    </datafield>
    <datafield tag="035" ind1=" " ind2=" ">
      <subfield code="a">(OCoLC)ocn769323252</subfield>
    </datafield>
    <datafield tag="035" ind1=" " ind2=" ">
      <subfield code="a">7075626</subfield>
    </datafield>
    <datafield tag="035" ind1=" " ind2=" ">
      <subfield code="a">(OCoLC)769323252</subfield>
      <subfield code="z">(OCoLC)781830339</subfield>
    </datafield>
    <datafield tag="035" ind1=" " ind2=" ">
      <subfield code="a">(NjP)7075626-princetondb</subfield>
    </datafield>
    <datafield tag="035" ind1=" " ind2=" ">
      <subfield code="z">(OCoLC)781830339</subfield>
    </datafield>
    <datafield tag="040" ind1=" " ind2=" ">
      <subfield code="a">DLC</subfield>
      <subfield code="b">eng</subfield>
      <subfield code="c">DLC</subfield>
      <subfield code="d">YDX</subfield>
      <subfield code="d">YDXCP</subfield>
      <subfield code="d">E7B</subfield>
      <subfield code="d">COO</subfield>
      <subfield code="d">OCLCQ</subfield>
      <subfield code="d">CDX</subfield>
    </datafield>
    <datafield tag="019" ind1=" " ind2=" ">
      <subfield code="a">781830339</subfield>
    </datafield>
    <datafield tag="020" ind1=" " ind2=" ">
      <subfield code="a">9781442212329 (hardback)</subfield>
    </datafield>
    <datafield tag="020" ind1=" " ind2=" ">
      <subfield code="a">1442212322 (hardback)</subfield>
    </datafield>
    <datafield tag="020" ind1=" " ind2=" ">
      <subfield code="a">9781442212336 (paper)</subfield>
    </datafield>
    <datafield tag="020" ind1=" " ind2=" ">
      <subfield code="a">1442212330 (paper)</subfield>
    </datafield>
    <datafield tag="020" ind1=" " ind2=" ">
      <subfield code="a">9781442212343 (electronic)</subfield>
    </datafield>
    <datafield tag="020" ind1=" " ind2=" ">
      <subfield code="a">1442212349 (electronic)</subfield>
    </datafield>
    <datafield tag="042" ind1=" " ind2=" ">
      <subfield code="a">pcc</subfield>
    </datafield>
    <datafield tag="043" ind1=" " ind2=" ">
      <subfield code="a">n-us---</subfield>
    </datafield>
    <datafield tag="050" ind1="0" ind2="0">
      <subfield code="a">GV706.5</subfield>
      <subfield code="b">.E567 2012</subfield>
    </datafield>
    <datafield tag="082" ind1="0" ind2="0">
      <subfield code="a">796</subfield>
      <subfield code="2">23</subfield>
    </datafield>
    <datafield tag="084" ind1=" " ind2=" ">
      <subfield code="a">SOC022000</subfield>
      <subfield code="a">SPO066000</subfield>
      <subfield code="2">bisacsh</subfield>
    </datafield>
    <datafield tag="084" ind1=" " ind2=" ">
      <subfield code="a">SOC022000</subfield>
      <subfield code="a">SPO066000</subfield>
      <subfield code="b">bisacsh</subfield>
    </datafield>
    <datafield tag="100" ind1="1" ind2=" ">
      <subfield code="a">Eitzen, D. Stanley.</subfield>
      <subfield code="0">http://id.loc.gov/authorities/names/n79076072</subfield>
    </datafield>
    <datafield tag="245" ind1="1" ind2="0">
      <subfield code="a">Fair and foul :</subfield>
      <subfield code="b">beyond the myths and paradoxes of sport /</subfield>
      <subfield code="c">D. Stanley Eitzen.</subfield>
    </datafield>
    <datafield tag="250" ind1=" " ind2=" ">
      <subfield code="a">5th ed.</subfield>
    </datafield>
    <datafield tag="260" ind1=" " ind2=" ">
      <subfield code="a">Lanham, Md. :</subfield>
      <subfield code="b">Rowman &amp; Littlefield Publishers,</subfield>
      <subfield code="c">c2012.</subfield>
    </datafield>
    <datafield tag="300" ind1=" " ind2=" ">
      <subfield code="a">vii, 311 p. :</subfield>
      <subfield code="b">ill. ;</subfield>
      <subfield code="c">24 cm.</subfield>
    </datafield>
    <datafield tag="504" ind1=" " ind2=" ">
      <subfield code="a">Includes bibliographical references and index.</subfield>
    </datafield>
    <datafield tag="520" ind1=" " ind2=" ">
      <subfield code="a">"With revisions and updates throughout, the fifth edition of "Fair and Foul" explores America's love of sport and also it's darker side. Updates include further attention to how race, class, and gender relate to the uneven playing field in sports; a new discussion of sexuality as a divisive factor in sport; and numerous new case studies and examples"--Provided by publisher.</subfield>
    </datafield>
    <datafield tag="505" ind1="8" ind2=" ">
      <subfield code="a">Machine generated contents note: Acknowledgments -- Chapter 1: The Duality of Sport -- Chapter 2: Sport Unites, Sport Divides -- Chapter 3: Names, Logos, Mascots, and Flags: The Contradictory Uses of Sports Symbols -- Chapter 4: Sport Is Fair, Sport Is Foul -- Chapter 5: Sport Is Healthy, Sport Is Destructive -- Chapter 6: The Organization of Childrens Play: Peer Centered or Adult Centered? -- Chapter 7: Sport Is Expressive, Sport Is Controlled -- Chapter 8: Are Sports Played on a Level Playing Field? Issues of Race, Class, and Gender -- Chapter 9: The Contradictions of Big-Time College Sports -- Chapter 10: The Path to Success? Myth and Reality -- Chapter 11: Professional Sports Franchises: Public Teams, Private Businesses -- Chapter 12: The Globalization of Sport -- Chapter 13: The Challenge: Changing Sport -- Notes -- Index -- About the Author.</subfield>
    </datafield>
    <datafield tag="650" ind1=" " ind2="0">
      <subfield code="a">Sports</subfield>
      <subfield code="x">Sociological aspects.</subfield>
      <subfield code="0">http://id.loc.gov/authorities/subjects/sh89006507</subfield>
    </datafield>
    <datafield tag="650" ind1=" " ind2="0">
      <subfield code="a">Sports</subfield>
      <subfield code="x">Psychological aspects.</subfield>
      <subfield code="0">http://id.loc.gov/authorities/subjects/sh85126899</subfield>
    </datafield>
    <datafield tag="650" ind1=" " ind2="0">
      <subfield code="a">Sports</subfield>
      <subfield code="x">Social aspects</subfield>
      <subfield code="z">United States.</subfield>
      <subfield code="0">http://id.loc.gov/authorities/subjects/sh2008111583</subfield>
    </datafield>
    <datafield tag="856" ind1="4" ind2="2">
      <subfield code="3">Cover image</subfield>
      <subfield code="u">http://covers.rowmanlittlefield.com/L/14/422/1442212322.jpg</subfield>
    </datafield>
    <datafield tag="852" ind1="0" ind2=" ">
      <subfield code="b">firestone</subfield>
      <subfield code="c">stacks</subfield>
      <subfield code="h">GV706.5</subfield>
      <subfield code="i">.E567 2012</subfield>
      <subfield code="8">22749762110006421</subfield>
    </datafield>
  </record>