
  <record>
    <leader>03793dam a22003254a 4500</leader>
    <controlfield tag="005">20200929123335.0</controlfield>
    <controlfield tag="008">090303s2009    wvua     b    000 0ceng  </controlfield>
    <controlfield tag="001">9970761253506421</controlfield>
    <datafield tag="010" ind1=" " ind2=" ">
      <subfield code="a">  2009923998</subfield>
    </datafield>
    <datafield tag="035" ind1=" " ind2=" ">
      <subfield code="a">(OCoLC)ocn261177746</subfield>
    </datafield>
    <datafield tag="035" ind1=" " ind2=" ">
      <subfield code="a">7076125</subfield>
    </datafield>
    <datafield tag="035" ind1=" " ind2=" ">
      <subfield code="a">(OCoLC)261177746</subfield>
    </datafield>
    <datafield tag="035" ind1=" " ind2=" ">
      <subfield code="a">(NjP)7076125-princetondb</subfield>
    </datafield>
    <datafield tag="040" ind1=" " ind2=" ">
      <subfield code="a">DLC</subfield>
      <subfield code="b">eng</subfield>
      <subfield code="c">DLC</subfield>
      <subfield code="d">BTCTA</subfield>
      <subfield code="d">YDXCP</subfield>
      <subfield code="d">ROC</subfield>
      <subfield code="d">TXA</subfield>
      <subfield code="d">EUF</subfield>
      <subfield code="d">DAC</subfield>
      <subfield code="d">UUA</subfield>
    </datafield>
    <datafield tag="020" ind1=" " ind2=" ">
      <subfield code="a">9781885693860</subfield>
    </datafield>
    <datafield tag="020" ind1=" " ind2=" ">
      <subfield code="a">1885693869</subfield>
    </datafield>
    <datafield tag="050" ind1="0" ind2="0">
      <subfield code="a">GV697.A1</subfield>
      <subfield code="b">.L343 2009</subfield>
    </datafield>
    <datafield tag="082" ind1="0" ind2="0">
      <subfield code="a">796.0922</subfield>
      <subfield code="a">B</subfield>
      <subfield code="2">23</subfield>
    </datafield>
    <datafield tag="049" ind1=" " ind2=" ">
      <subfield code="a">PUL</subfield>
    </datafield>
    <datafield tag="100" ind1="1" ind2=" ">
      <subfield code="a">Lapchick, Richard Edward.</subfield>
      <subfield code="0">http://id.loc.gov/authorities/names/n81038489</subfield>
    </datafield>
    <datafield tag="245" ind1="1" ind2="0">
      <subfield code="a">100 trailblazers :</subfield>
      <subfield code="b">great women athletes who opened doors for future generations /</subfield>
      <subfield code="c">Richard Lapchick with Jessica Bartter ... [et al.].</subfield>
    </datafield>
    <datafield tag="246" ind1="3" ind2=" ">
      <subfield code="a">One hundred trailblazers</subfield>
    </datafield>
    <datafield tag="260" ind1=" " ind2=" ">
      <subfield code="a">Morgantown, WV :</subfield>
      <subfield code="b">Fitness Information Technology,</subfield>
      <subfield code="c">c2009.</subfield>
    </datafield>
    <datafield tag="300" ind1=" " ind2=" ">
      <subfield code="a">xviii, 500 p. :</subfield>
      <subfield code="b">ill. ;</subfield>
      <subfield code="c">22 cm.</subfield>
    </datafield>
    <datafield tag="504" ind1=" " ind2=" ">
      <subfield code="a">Includes bibliographical references.</subfield>
    </datafield>
    <datafield tag="505" ind1="0" ind2=" ">
      <subfield code="a">Foreword / Anita DeFrantz -- 1. An introduction -- 2. Administrators break down the walls. Judy Sweet ; Charlotte West ; Christine Grant ; Merrily Dean Baker ; Carol Gordon ; Peggy Burke ; Lonnie Leotus "Lee" Morrison ; Carole Mushier ; Carole Oglesby ; Judith Holland ; Laurie Mabry ; Anne "Sandy" Barbour ; Barbara Burke ; Cary Sue Groth ; Deborah A. Yow ; Kathy Beauregard ; Lisa Love ; Donna Lopiano ; Tina Sloan Green ; Anita DeFrantz ; Val Ackerman -- 3. Women court equality and respect in tennis. Hazel Wightman ; Margaret Osborne duPont ; Billie Jean King ; Maureen Connolly Brinker ; Althea Gibson ; Evonne Goolagong ; Chris Evert ; Martina Navratilova ; Venus and Serena Williams -- 4. Going the distance in golf : women drive the fairways. Glenna Collett-Vare ; Louise Suggs ; Patricia "Patty" Berg ; Betty Jameson ; Mary Kathryn "Mickey" Wright ; Carol Mann ; Kathy Whitworth ; JoAnne Carner ; Nancy Lopez ; Annika Sorenstam -- 5. Figure skating and speed skating : grace and power on ice. Sonja Henie ; Mabel Fairbanks ; Tenley E. Albright ; Peggy Fleming Jenkins ; Katarina Witt ; Kristi Yamaguchi ; Bonnie Blair -- 6. Female swimmers and divers : lapping expectations in the pool. Eleanor Holm ; Florence Chadwick ; Debbie Meyer ; Mary T. Meagher Plant ; Tracy Caulkins ; Janet Evans ; Nancy Hogshead-Makar ; Diana Nyad ; Pat McCormick ; Micki King --</subfield>
    </datafield>
    <datafield tag="505" ind1="0" ind2=" ">
      <subfield code="a">7. Flying through the air with the greatest of ease : women gymnasts. Olga Korbut ; Nadia Comaneci ; Mary Lou Retton -- 8. Speed, power, and grace : women in track and field. Mildred "Babe" Didrikson Zaharias ; Helen Stephens ; Alice Coachman ; Mae Faggs Starr ; Wilma Rudolph ; Madeline Manning Mims ; Wyomia Tyus ; Florence Griffith Joyner ; Evelyn Ashford ; Valerie Brisco-Hooks ; Jackie Joyner-Kersee ; Joan Benoit-Samuelson ; Willye White ; Nell Jackson ; Barbara Jacket ; Beverly Kearney -- 9. The explosion of women's soccer. Michelle Akers ; Mia Hamm ; Julie Foudy -- 10. Women's softball and women in baseball : standing tall for females for decades. Marcenia Lyle Alberga, a.k.a. Toni Stone ; Effa Manley ; Sharron Backus ; Margie Wright ; Joan Joyce ; Dorothy "Dot" Richardson ; Lisa Fernandez -- 11. Women basketball players : leaving footprints on the hardwood. Margaret Wade ; Nancy Lieberman ; Ann Meyers Drysdale ; Pat Summitt ; C. Vivian Stringer ; Tara VanDerveer ; Betty Jaynes ; Lisa Leslie ; Sheryl Swoopes ; Cheryl Miller -- 12. A smash over the net : women's volleyball. Flora "Flo" Hyman ; Misty May-Treanor -- 13. Women in the motor sports industry : blaze a hard road. Janet Guthrie ; Lyn St. James ; Danica Patrick -- 14. Conclusion.</subfield>
    </datafield>
    <datafield tag="650" ind1=" " ind2="0">
      <subfield code="a">Women athletes</subfield>
      <subfield code="v">Biography.</subfield>
    </datafield>
    <datafield tag="700" ind1="1" ind2=" ">
      <subfield code="a">Bartter, Jessica.</subfield>
      <subfield code="0">http://id.loc.gov/authorities/names/no2011091866</subfield>
    </datafield>
    <datafield tag="852" ind1="0" ind2=" ">
      <subfield code="b">firestone</subfield>
      <subfield code="c">stacks</subfield>
      <subfield code="h">GV697.A1</subfield>
      <subfield code="i">.L343 2009</subfield>
      <subfield code="8">22548154870006421</subfield>
    </datafield>
  </record>