
  <record>
    <leader>01275dam a2200337 a 4500</leader>
    <controlfield tag="005">20200929123528.0</controlfield>
    <controlfield tag="008">100122s2010    wvuc     b    001 0 eng d</controlfield>
    <controlfield tag="001">9970776883506421</controlfield>
    <datafield tag="010" ind1=" " ind2=" ">
      <subfield code="a">  2010921219</subfield>
    </datafield>
    <datafield tag="035" ind1=" " ind2=" ">
      <subfield code="a">(OCoLC)ocn457146523</subfield>
    </datafield>
    <datafield tag="035" ind1=" " ind2=" ">
      <subfield code="a">7077688</subfield>
    </datafield>
    <datafield tag="035" ind1=" " ind2=" ">
      <subfield code="a">(OCoLC)457146523</subfield>
    </datafield>
    <datafield tag="035" ind1=" " ind2=" ">
      <subfield code="a">(NjP)7077688-princetondb</subfield>
    </datafield>
    <datafield tag="040" ind1=" " ind2=" ">
      <subfield code="a">BTCTA</subfield>
      <subfield code="b">eng</subfield>
      <subfield code="c">BTCTA</subfield>
      <subfield code="d">DLC</subfield>
      <subfield code="d">YDXCP</subfield>
      <subfield code="d">DWP</subfield>
      <subfield code="d">TXA</subfield>
      <subfield code="d">GUA</subfield>
      <subfield code="d">NLGGC</subfield>
      <subfield code="d">BDX</subfield>
    </datafield>
    <datafield tag="020" ind1=" " ind2=" ">
      <subfield code="a">9781935412045 (pbk.)</subfield>
    </datafield>
    <datafield tag="020" ind1=" " ind2=" ">
      <subfield code="a">1935412043 (pbk.)</subfield>
    </datafield>
    <datafield tag="042" ind1=" " ind2=" ">
      <subfield code="a">lccopycat</subfield>
    </datafield>
    <datafield tag="043" ind1=" " ind2=" ">
      <subfield code="a">f-sa---</subfield>
    </datafield>
    <datafield tag="050" ind1="0" ind2="0">
      <subfield code="a">GV667</subfield>
      <subfield code="b">.N37 2010</subfield>
    </datafield>
    <datafield tag="100" ind1="1" ind2=" ">
      <subfield code="a">Nauright, John,</subfield>
      <subfield code="d">1962-</subfield>
      <subfield code="0">http://id.loc.gov/authorities/names/n95069715</subfield>
    </datafield>
    <datafield tag="245" ind1="1" ind2="0">
      <subfield code="a">Long run to freedom :</subfield>
      <subfield code="b">sport, cultures and identities in South Africa /</subfield>
      <subfield code="c">John Nauright.</subfield>
    </datafield>
    <datafield tag="260" ind1=" " ind2=" ">
      <subfield code="a">Morgantown, WV :</subfield>
      <subfield code="b">Fitness Information Technology</subfield>
      <subfield code="c">c2010.</subfield>
    </datafield>
    <datafield tag="300" ind1=" " ind2=" ">
      <subfield code="a">xxii, 215 p. :</subfield>
      <subfield code="b">port. ;</subfield>
      <subfield code="c">23 cm.</subfield>
    </datafield>
    <datafield tag="490" ind1="1" ind2=" ">
      <subfield code="a">Sport &amp; global cultures series</subfield>
    </datafield>
    <datafield tag="504" ind1=" " ind2=" ">
      <subfield code="a">Includes bibliographical references (p. [198]-211) and index.</subfield>
    </datafield>
    <datafield tag="650" ind1=" " ind2="0">
      <subfield code="a">Sports</subfield>
      <subfield code="z">South Africa</subfield>
      <subfield code="x">Sociological aspects.</subfield>
    </datafield>
    <datafield tag="650" ind1=" " ind2="0">
      <subfield code="a">Rugby football</subfield>
      <subfield code="z">South Africa</subfield>
      <subfield code="x">Social aspects.</subfield>
    </datafield>
    <datafield tag="650" ind1=" " ind2="0">
      <subfield code="a">Soccer</subfield>
      <subfield code="z">South Africa</subfield>
      <subfield code="x">Social aspects.</subfield>
    </datafield>
    <datafield tag="650" ind1=" " ind2="0">
      <subfield code="a">Cricket</subfield>
      <subfield code="z">South Africa</subfield>
      <subfield code="x">Social aspects.</subfield>
    </datafield>
    <datafield tag="830" ind1=" " ind2="0">
      <subfield code="a">Sport &amp; global cultures series</subfield>
    </datafield>
    <datafield tag="852" ind1="0" ind2=" ">
      <subfield code="b">firestone</subfield>
      <subfield code="c">stacks</subfield>
      <subfield code="h">GV667</subfield>
      <subfield code="i">.N37 2010</subfield>
      <subfield code="8">22732285530006421</subfield>
    </datafield>
  </record>