
  <record>
    <leader>03936dam a2200373 a 4500</leader>
    <controlfield tag="005">20200929124021.0</controlfield>
    <controlfield tag="008">111208s2012    nyu           001 0beng  </controlfield>
    <controlfield tag="001">9970817163506421</controlfield>
    <datafield tag="010" ind1=" " ind2=" ">
      <subfield code="a">  2011049604</subfield>
    </datafield>
    <datafield tag="035" ind1=" " ind2=" ">
      <subfield code="a">(OCoLC)ocn760974920</subfield>
    </datafield>
    <datafield tag="035" ind1=" " ind2=" ">
      <subfield code="a">7081716</subfield>
    </datafield>
    <datafield tag="035" ind1=" " ind2=" ">
      <subfield code="a">(OCoLC)760974920</subfield>
    </datafield>
    <datafield tag="035" ind1=" " ind2=" ">
      <subfield code="a">(NjP)7081716-princetondb</subfield>
    </datafield>
    <datafield tag="040" ind1=" " ind2=" ">
      <subfield code="a">DLC</subfield>
      <subfield code="b">eng</subfield>
      <subfield code="c">DLC</subfield>
      <subfield code="d">BTCTA</subfield>
      <subfield code="d">YDXCP</subfield>
      <subfield code="d">BDX</subfield>
      <subfield code="d">IEB</subfield>
      <subfield code="d">NjP</subfield>
    </datafield>
    <datafield tag="020" ind1=" " ind2=" ">
      <subfield code="a">9780805095005 (hardback)</subfield>
    </datafield>
    <datafield tag="020" ind1=" " ind2=" ">
      <subfield code="a">0805095004 (hardback)</subfield>
    </datafield>
    <datafield tag="042" ind1=" " ind2=" ">
      <subfield code="a">pcc</subfield>
    </datafield>
    <datafield tag="043" ind1=" " ind2=" ">
      <subfield code="a">n-us---</subfield>
    </datafield>
    <datafield tag="050" ind1="0" ind2="0">
      <subfield code="a">GV865.G84</subfield>
      <subfield code="b">M67 2012</subfield>
    </datafield>
    <datafield tag="082" ind1="0" ind2="0">
      <subfield code="a">796.357092</subfield>
      <subfield code="a">B</subfield>
      <subfield code="2">23</subfield>
    </datafield>
    <datafield tag="084" ind1=" " ind2=" ">
      <subfield code="a">SPO003010</subfield>
      <subfield code="a">SPO003000</subfield>
      <subfield code="a">BUS071000</subfield>
      <subfield code="2">bisacsh</subfield>
    </datafield>
    <datafield tag="100" ind1="1" ind2=" ">
      <subfield code="a">Morrissey, Rick.</subfield>
      <subfield code="0">http://id.loc.gov/authorities/names/n2011084647</subfield>
    </datafield>
    <datafield tag="245" ind1="1" ind2="0">
      <subfield code="a">Ozzie's school of management :</subfield>
      <subfield code="b">lessons from the dugout, the clubhouse, and the doghouse /</subfield>
      <subfield code="c">Rick Morrissey.</subfield>
    </datafield>
    <datafield tag="250" ind1=" " ind2=" ">
      <subfield code="a">1st ed.</subfield>
    </datafield>
    <datafield tag="260" ind1=" " ind2=" ">
      <subfield code="a">New York :</subfield>
      <subfield code="b">Times Books,</subfield>
      <subfield code="c">2012.</subfield>
    </datafield>
    <datafield tag="300" ind1=" " ind2=" ">
      <subfield code="a">272 p., [8] p. of plates :</subfield>
      <subfield code="b">ill. ;</subfield>
      <subfield code="c">25 cm.</subfield>
    </datafield>
    <datafield tag="500" ind1=" " ind2=" ">
      <subfield code="a">Includes index.</subfield>
    </datafield>
    <datafield tag="520" ind1=" " ind2=" ">
      <subfield code="a">"Going behind the scenes with Ozzie Guillen, baseball's most colorful and irrepressible manager, to reveal the hidden factors that create a winning teamWhen Ozzie Guillen opens his mouth, nobody knows what's going to come out. And that has made the manager of the Miami Marlins endlessly entertaining to legions of baseball fans. In language that is often as profane as it is colorful, he will lash out not only at his team's opponents but also at his own players, reporters, fans, and most of all, himself. He is always getting himself in hot water, and he loves every minute of it.Yet for all the antics and controversy, Guillen is also one of the game's best managers--a World Series champion and a perennial contender. This book opens the door on the secrets to his success.Ozzie's School of Management distills the ten commandments of managing, Guillen-style, which means no-holds-barred and leave your squeamishness at the door. The Chicago Sun-Times sports columnist Rick Morrissey, who built a strong rapport with Guillen during his eight years with the Chicago White Sox, takes us on a rollicking ride through Ozzie's world, shining a light on his sharp intellect, organizational insights, and changing moods, and showing that the most important part of managing occurs before the first pitch and after the last out"--</subfield>
      <subfield code="c">Provided by publisher.</subfield>
    </datafield>
    <datafield tag="520" ind1=" " ind2=" ">
      <subfield code="a">"When Ozzie Guillen opens his mouth, nobody knows what's going to come out. And that has made the manager of the Miami Marlins endlessly entertaining to legions of baseball fans. In language that is often as profane as it is colorful, he will lash out not only at his team's opponents but also at his own players, reporters, fans, and most of all, himself. He is always getting himself in hot water, and he loves every minute of it. Yet for all the antics and controversy, Guillen is also one of the game's best managers--a World Series champion and a perennial contender. This book opens the door on the secrets to his success. Ozzie's School of Management distills the ten commandments of managing, Guillen-style, which means no-holds-barred and leave your squeamishness at the door. The Chicago Sun-Times sports columnist Rick Morrissey, who built a strong rapport with Guillen during his eight years with the Chicago White Sox, takes us on a rollicking ride through Ozzie's world, shining a light on his sharp intellect, organizational insights, and changing moods, and showing that the most important part of managing occurs before the first pitch and after the last out"--</subfield>
      <subfield code="c">Provided by publisher.</subfield>
    </datafield>
    <datafield tag="600" ind1="1" ind2="0">
      <subfield code="a">Guillén, Ozzie.</subfield>
      <subfield code="0">http://id.loc.gov/authorities/names/n2006054097</subfield>
    </datafield>
    <datafield tag="650" ind1=" " ind2="0">
      <subfield code="a">Baseball managers</subfield>
      <subfield code="z">United States</subfield>
      <subfield code="v">Biography.</subfield>
      <subfield code="0">http://id.loc.gov/authorities/subjects/sh2007101901</subfield>
    </datafield>
    <datafield tag="856" ind1="4" ind2="2">
      <subfield code="3">Cover image</subfield>
      <subfield code="u">http://www.netread.com/jcusers2/bk1388/005/9780805095005/image/lgcover.9780805095005.jpg</subfield>
    </datafield>
    <datafield tag="852" ind1="0" ind2=" ">
      <subfield code="b">firestone</subfield>
      <subfield code="c">stacks</subfield>
      <subfield code="h">GV865.G84</subfield>
      <subfield code="i">M67 2012</subfield>
      <subfield code="8">22746307620006421</subfield>
    </datafield>
  </record>