
  <record>
    <leader>02185dam a2200349 a 4500</leader>
    <controlfield tag="005">20200929124721.0</controlfield>
    <controlfield tag="008">111215s2012    mdua     b    001 0 eng  </controlfield>
    <controlfield tag="001">9970872613506421</controlfield>
    <datafield tag="010" ind1=" " ind2=" ">
      <subfield code="a">  2011050650</subfield>
    </datafield>
    <datafield tag="035" ind1=" " ind2=" ">
      <subfield code="a">(OCoLC)ocn769323253</subfield>
    </datafield>
    <datafield tag="035" ind1=" " ind2=" ">
      <subfield code="a">7087261</subfield>
    </datafield>
    <datafield tag="035" ind1=" " ind2=" ">
      <subfield code="a">(OCoLC)769323253</subfield>
    </datafield>
    <datafield tag="035" ind1=" " ind2=" ">
      <subfield code="a">(NjP)7087261-princetondb</subfield>
    </datafield>
    <datafield tag="040" ind1=" " ind2=" ">
      <subfield code="a">DLC</subfield>
      <subfield code="b">eng</subfield>
      <subfield code="c">DLC</subfield>
      <subfield code="d">YDX</subfield>
      <subfield code="d">BTCTA</subfield>
      <subfield code="d">YDXCP</subfield>
      <subfield code="d">BDX</subfield>
      <subfield code="d">CDX</subfield>
      <subfield code="d">MNJ</subfield>
    </datafield>
    <datafield tag="020" ind1=" " ind2=" ">
      <subfield code="a">9780810883932 (hardback : alk. paper)</subfield>
    </datafield>
    <datafield tag="020" ind1=" " ind2=" ">
      <subfield code="a">0810883937 (hardback : alk. paper)</subfield>
    </datafield>
    <datafield tag="020" ind1=" " ind2=" ">
      <subfield code="a">9780810883949 (ebook)</subfield>
    </datafield>
    <datafield tag="020" ind1=" " ind2=" ">
      <subfield code="a">0810883945 (ebook)</subfield>
    </datafield>
    <datafield tag="043" ind1=" " ind2=" ">
      <subfield code="a">n-us---</subfield>
      <subfield code="a">n-us-ny</subfield>
    </datafield>
    <datafield tag="050" ind1="0" ind2="0">
      <subfield code="a">GV865.A1</subfield>
      <subfield code="b">C574 2012</subfield>
    </datafield>
    <datafield tag="082" ind1="0" ind2="0">
      <subfield code="a">796.357/64097471</subfield>
      <subfield code="2">23</subfield>
    </datafield>
    <datafield tag="049" ind1=" " ind2=" ">
      <subfield code="a">PULL</subfield>
    </datafield>
    <datafield tag="100" ind1="1" ind2=" ">
      <subfield code="a">Cohen, Robert W.</subfield>
      <subfield code="0">http://id.loc.gov/authorities/names/n2004093522</subfield>
    </datafield>
    <datafield tag="245" ind1="1" ind2="4">
      <subfield code="a">The 50 greatest players in New York Yankees history /</subfield>
      <subfield code="c">Robert W. Cohen.</subfield>
    </datafield>
    <datafield tag="246" ind1="3" ind2=" ">
      <subfield code="a">Fifty greatest players in New York Yankees history</subfield>
    </datafield>
    <datafield tag="260" ind1=" " ind2=" ">
      <subfield code="a">Lanham, Md. :</subfield>
      <subfield code="b">Scarecrow Press,</subfield>
      <subfield code="c">c2012.</subfield>
    </datafield>
    <datafield tag="300" ind1=" " ind2=" ">
      <subfield code="a">xiii, 297 p. :</subfield>
      <subfield code="b">ill. ;</subfield>
      <subfield code="c">24 cm.</subfield>
    </datafield>
    <datafield tag="504" ind1=" " ind2=" ">
      <subfield code="a">Includes bibliographical references and index.</subfield>
    </datafield>
    <datafield tag="505" ind1="0" ind2=" ">
      <subfield code="a">Introduction : the Yankee pedigree -- Babe Ruth -- Lou Gehrig -- Joe DiMaggio -- Mickey Mantle -- Yogi Berra -- Derek Jeter -- Mariano Rivera -- Bill Dickey -- Whitey Ford -- Don Mattingly -- Bernie Williams -- Alex Rodriguez -- Red Ruffing -- Lefty Gomez -- Earle Combs -- Dave Winfield -- Joe Gordon -- Tony Lazzeri -- Ron Guidry -- Graig Nettles -- Paul O'Neill -- Roger Maris -- Jack Chesbro -- Thurman Munson -- Reggie Jackson -- Herb Pennock -- Waite Hoyt -- Phil Rizzuto -- Mel Stottlemyre -- Bob Meusel -- Elston Howard -- Jorge Posada -- Andy Pettitte -- Bob Shawkey -- Tommy Henrich -- Rich Gossage -- Charlie Keller -- Bobby Murcer -- Roy White -- Rickey Henderson -- Sparky Lyle -- Allie Reynolds -- Vic Raschi -- Robinson Cano -- Tino Martinez -- Willie Randolph -- Bill Skowron -- Hideki Matsui -- Mike Mussina -- Dave Righetti -- Summary and honorable mentions : the next 50.</subfield>
    </datafield>
    <datafield tag="610" ind1="2" ind2="0">
      <subfield code="a">New York Yankees (Baseball team)</subfield>
      <subfield code="v">Biography.</subfield>
    </datafield>
    <datafield tag="650" ind1=" " ind2="0">
      <subfield code="a">Baseball players</subfield>
      <subfield code="z">United States</subfield>
      <subfield code="v">Biography.</subfield>
      <subfield code="0">http://id.loc.gov/authorities/subjects/sh2007101902</subfield>
    </datafield>
    <datafield tag="852" ind1="0" ind2=" ">
      <subfield code="b">firestone</subfield>
      <subfield code="c">stacks</subfield>
      <subfield code="h">GV865.A1</subfield>
      <subfield code="i">C574 2012</subfield>
      <subfield code="8">22500963420006421</subfield>
    </datafield>
  </record>