
  <record>
    <leader>02417dam a2200385 a 4500</leader>
    <controlfield tag="005">20200929130005.0</controlfield>
    <controlfield tag="008">111118s2012    nyua          001 0aeng  </controlfield>
    <controlfield tag="001">9971013403506421</controlfield>
    <datafield tag="010" ind1=" " ind2=" ">
      <subfield code="a">  2011046507</subfield>
    </datafield>
    <datafield tag="035" ind1=" " ind2=" ">
      <subfield code="a">(OCoLC)ocn740627034</subfield>
    </datafield>
    <datafield tag="035" ind1=" " ind2=" ">
      <subfield code="a">7101340</subfield>
    </datafield>
    <datafield tag="035" ind1=" " ind2=" ">
      <subfield code="a">(OCoLC)740627034</subfield>
    </datafield>
    <datafield tag="035" ind1=" " ind2=" ">
      <subfield code="a">(NjP)7101340-princetondb</subfield>
    </datafield>
    <datafield tag="040" ind1=" " ind2=" ">
      <subfield code="a">DLC</subfield>
      <subfield code="b">eng</subfield>
      <subfield code="c">DLC</subfield>
      <subfield code="d">YDX</subfield>
      <subfield code="d">BTCTA</subfield>
      <subfield code="d">YDXCP</subfield>
      <subfield code="d">BDX</subfield>
      <subfield code="d">M$K</subfield>
      <subfield code="d">OCLCO</subfield>
      <subfield code="d">CDX</subfield>
    </datafield>
    <datafield tag="020" ind1=" " ind2=" ">
      <subfield code="a">9780312662400 (hardback)</subfield>
    </datafield>
    <datafield tag="020" ind1=" " ind2=" ">
      <subfield code="a">0312662408 (hardback)</subfield>
    </datafield>
    <datafield tag="020" ind1=" " ind2=" ">
      <subfield code="a">9781429941396 (e-book)</subfield>
    </datafield>
    <datafield tag="020" ind1=" " ind2=" ">
      <subfield code="a">1429941391 (e-book)</subfield>
    </datafield>
    <datafield tag="042" ind1=" " ind2=" ">
      <subfield code="a">pcc</subfield>
    </datafield>
    <datafield tag="050" ind1="0" ind2="0">
      <subfield code="a">GV865.H27</subfield>
      <subfield code="b">A3 2012</subfield>
    </datafield>
    <datafield tag="082" ind1="0" ind2="0">
      <subfield code="a">796.357092</subfield>
      <subfield code="a">B</subfield>
      <subfield code="2">23</subfield>
    </datafield>
    <datafield tag="084" ind1=" " ind2=" ">
      <subfield code="a">BIO016000</subfield>
      <subfield code="2">bisacsh</subfield>
    </datafield>
    <datafield tag="049" ind1=" " ind2=" ">
      <subfield code="a">PULL</subfield>
    </datafield>
    <datafield tag="100" ind1="1" ind2=" ">
      <subfield code="a">Harrelson, Bud,</subfield>
      <subfield code="d">1944-</subfield>
      <subfield code="0">http://id.loc.gov/authorities/names/no2013000256</subfield>
    </datafield>
    <datafield tag="245" ind1="1" ind2="0">
      <subfield code="a">Turning two :</subfield>
      <subfield code="b">my journey to the top of the world and back with the New York Mets /</subfield>
      <subfield code="c">Bud Harrelson with Phil Pepe ; foreword by Darryl Strawberry</subfield>
    </datafield>
    <datafield tag="250" ind1=" " ind2=" ">
      <subfield code="a">1st ed.</subfield>
    </datafield>
    <datafield tag="260" ind1=" " ind2=" ">
      <subfield code="a">New York :</subfield>
      <subfield code="b">Thomas Dunne Books,</subfield>
      <subfield code="c">2012.</subfield>
    </datafield>
    <datafield tag="300" ind1=" " ind2=" ">
      <subfield code="a">xii, 273 p. :</subfield>
      <subfield code="b">ill. ;</subfield>
      <subfield code="c">24 cm.</subfield>
    </datafield>
    <datafield tag="500" ind1=" " ind2=" ">
      <subfield code="a">Includes index.</subfield>
    </datafield>
    <datafield tag="520" ind1=" " ind2=" ">
      <subfield code="a">"When the Mets celebrated the 20th anniversary of the 1986 championship team, one man received thunderous applause when he was introduced as the only man in uniform for BOTH of the Mets' title teams. Bud Harrelson, an All-Star, Gold Glove shortstop, anchored the infield of the 1969 "Miracle Mets" and played in two World Series. After retiring as a player, Harrelson joined the Mets as a third base coach and was there for all the memorable events from the storied 1986 season, including the team's unforgettable Game 6 comeback against the Boston Red Sox. A scrawny "everyman" as a player and throwback to the pre-steroid era, Harrelson also recounts his legendary fight with Pete Rose in the 1973 playoffs with the Reds, as well as his memories of Casey Stengel, Gil Hodges, Tom Seaver, Willie Mays, Keith Hernandez, and the many other legendary players he played with and against in his long career"--Provided by publisher.</subfield>
    </datafield>
    <datafield tag="600" ind1="1" ind2="0">
      <subfield code="a">Harrelson, Bud,</subfield>
      <subfield code="d">1944-</subfield>
      <subfield code="0">http://id.loc.gov/authorities/names/no2013000256</subfield>
    </datafield>
    <datafield tag="650" ind1=" " ind2="0">
      <subfield code="a">Baseball players</subfield>
      <subfield code="z">United States</subfield>
      <subfield code="v">Biography.</subfield>
      <subfield code="0">http://id.loc.gov/authorities/subjects/sh2007101902</subfield>
    </datafield>
    <datafield tag="650" ind1=" " ind2="0">
      <subfield code="a">Autobiographies.</subfield>
      <subfield code="0">http://id.loc.gov/authorities/subjects/sh85010049</subfield>
    </datafield>
    <datafield tag="700" ind1="1" ind2=" ">
      <subfield code="a">Pepe, Phil.</subfield>
      <subfield code="0">http://id.loc.gov/authorities/names/n50009509</subfield>
    </datafield>
    <datafield tag="852" ind1="0" ind2=" ">
      <subfield code="b">firestone</subfield>
      <subfield code="c">stacks</subfield>
      <subfield code="h">GV865.H27</subfield>
      <subfield code="i">A3 2012</subfield>
      <subfield code="8">22549416170006421</subfield>
    </datafield>
  </record>