
  <record>
    <leader>02639dam a2200313Ma 4500</leader>
    <controlfield tag="005">20200929115152.0</controlfield>
    <controlfield tag="008">110811s2012    enk    g      000 0 eng  </controlfield>
    <controlfield tag="001">9971073373506421</controlfield>
    <datafield tag="035" ind1=" " ind2=" ">
      <subfield code="a">7107337</subfield>
    </datafield>
    <datafield tag="035" ind1=" " ind2=" ">
      <subfield code="a">(OCoLC)ocn793413159</subfield>
      <subfield code="z">(OCoLC)ocn760977213</subfield>
      <subfield code="z">(OCoLC)ocn794360681</subfield>
      <subfield code="z">(OCoLC)on1016629122</subfield>
    </datafield>
    <datafield tag="035" ind1=" " ind2=" ">
      <subfield code="a">(NjP)7107337-princetondb</subfield>
    </datafield>
    <datafield tag="035" ind1=" " ind2=" ">
      <subfield code="z">(OCoLC)760977213</subfield>
      <subfield code="z">(OCoLC)794360681</subfield>
      <subfield code="z">(OCoLC)1016629122</subfield>
    </datafield>
    <datafield tag="040" ind1=" " ind2=" ">
      <subfield code="a">AU@</subfield>
      <subfield code="b">eng</subfield>
      <subfield code="c">AU@</subfield>
      <subfield code="d">YDXCP</subfield>
      <subfield code="d">YOU</subfield>
      <subfield code="d">OCLCO</subfield>
      <subfield code="d">SINLB</subfield>
      <subfield code="d">NjP</subfield>
    </datafield>
    <datafield tag="020" ind1=" " ind2=" ">
      <subfield code="a">9781408154922 (pbk)</subfield>
    </datafield>
    <datafield tag="020" ind1=" " ind2=" ">
      <subfield code="a">1408154927 (pbk)</subfield>
    </datafield>
    <datafield tag="050" ind1=" " ind2="4">
      <subfield code="a">GV721.7</subfield>
      <subfield code="b">.S43 2012</subfield>
    </datafield>
    <datafield tag="082" ind1="0" ind2="4">
      <subfield code="a">796.48092</subfield>
      <subfield code="2">23</subfield>
    </datafield>
    <datafield tag="049" ind1=" " ind2=" ">
      <subfield code="a">PULL</subfield>
    </datafield>
    <datafield tag="019" ind1=" " ind2=" ">
      <subfield code="a">760977213</subfield>
      <subfield code="a">794360681</subfield>
      <subfield code="a">1016629122</subfield>
    </datafield>
    <datafield tag="245" ind1="0" ind2="4">
      <subfield code="a">The secret Olympian :</subfield>
      <subfield code="b">the inside story of the Olympic experience /</subfield>
      <subfield code="c">by Anon.</subfield>
    </datafield>
    <datafield tag="260" ind1=" " ind2=" ">
      <subfield code="a">London :</subfield>
      <subfield code="b">Bloomsbury,</subfield>
      <subfield code="c">2012.</subfield>
    </datafield>
    <datafield tag="300" ind1=" " ind2=" ">
      <subfield code="a">215 p. ;</subfield>
      <subfield code="c">20 cm.</subfield>
    </datafield>
    <datafield tag="505" ind1="0" ind2=" ">
      <subfield code="a">Machine generated contents note: ch. 1 the realisation -- You're going to the Olympics -- Take a breath -- The Olympic dream fallacy -- Naturals -- The best Christmas ever -- Sign up and dress the part -- ch. 2 the expectation -- The last stop -- Searching for perfection -- Sacrifices -- ch. 3 the reality -- Going up in the world -- Welcome to Olympics PLC -- Village people (part 1) -- The Crufts of humanity -- Finishing touches -- ch. 4 the doping arms race -- Cheat a little or cheat a lot? -- She-males, blood doping and a drunken Swede -- EPO, The Clear and designed gold medallists -- ch. 5 lift off -- The greatest shows on earth -- The field of dreams or disappointment -- The pressure cooker -- Ready for the biggest day of your life? -- Yoda and the head doctors -- ch. 6 the performance -- Is that it? -- Poles apart -- Nature or nurture? -- It's all in the genes -- Practice, practice, practice -- ch. 7 the release -- Into temptation --</subfield>
    </datafield>
    <datafield tag="505" ind1="0" ind2=" ">
      <subfield code="a">Contents note continued: The unintentional pick-up artists at the ultimate party -- Village people (part 2) -- Deeper, stronger, longer: the sexiest Games ever -- Weightlessness -- ch. 8 politics and perfect moments -- Into the colosseum -- Perfect moments? -- Bittersweet endings -- ch. 9 reborn -- Aftershocks -- Welcome home -- ch. 10 the dark side of the moon -- Going cold turkey -- Sink or swim -- Lost -- Redirecting the rocket.</subfield>
    </datafield>
    <datafield tag="520" ind1=" " ind2=" ">
      <subfield code="a">The Secret Olympian exposes the truth of what goes on at the Olympic Games. Shocking, funny and slightly tongue in cheek, a former Olympian reveals the world of the Olympic athlete - and, behind the scenes, what a bizarre world it is...</subfield>
    </datafield>
    <datafield tag="650" ind1=" " ind2="0">
      <subfield code="a">Olympic athletes</subfield>
      <subfield code="v">Anecdotes.</subfield>
    </datafield>
    <datafield tag="650" ind1=" " ind2="0">
      <subfield code="a">Olympics</subfield>
      <subfield code="v">Anecdotes.</subfield>
    </datafield>
    <datafield tag="655" ind1=" " ind2="7">
      <subfield code="a">Anecdotes.</subfield>
      <subfield code="2">lcgft</subfield>
      <subfield code="0">http://id.loc.gov/authorities/genreForms/gf2014026044</subfield>
    </datafield>
    <datafield tag="852" ind1="0" ind2=" ">
      <subfield code="b">firestone</subfield>
      <subfield code="c">stacks</subfield>
      <subfield code="h">GV721.7</subfield>
      <subfield code="i">.S43 2012</subfield>
      <subfield code="8">22671502070006421</subfield>
    </datafield>
  </record>