
  <record>
    <leader>01184dam a2200289 a 4500</leader>
    <controlfield tag="005">20200929115433.0</controlfield>
    <controlfield tag="008">120305s2011    mx a     b    000 0 spa d</controlfield>
    <controlfield tag="001">9971107243506421</controlfield>
    <datafield tag="035" ind1=" " ind2=" ">
      <subfield code="a">(OCoLC)ocn779172891</subfield>
    </datafield>
    <datafield tag="035" ind1=" " ind2=" ">
      <subfield code="a">7110724</subfield>
    </datafield>
    <datafield tag="035" ind1=" " ind2=" ">
      <subfield code="a">(OCoLC)779172891</subfield>
    </datafield>
    <datafield tag="035" ind1=" " ind2=" ">
      <subfield code="a">(NjP)7110724-princetondb</subfield>
    </datafield>
    <datafield tag="040" ind1=" " ind2=" ">
      <subfield code="a">AZU</subfield>
      <subfield code="c">TEF</subfield>
      <subfield code="d">UKMGB</subfield>
      <subfield code="d">ZCU</subfield>
    </datafield>
    <datafield tag="020" ind1=" " ind2=" ">
      <subfield code="a">9786074015171</subfield>
    </datafield>
    <datafield tag="020" ind1=" " ind2=" ">
      <subfield code="a">6074015171</subfield>
    </datafield>
    <datafield tag="050" ind1=" " ind2="4">
      <subfield code="a">GV706</subfield>
      <subfield code="b">.C66 2011</subfield>
    </datafield>
    <datafield tag="245" ind1="0" ind2="3">
      <subfield code="a">La configuración de nuevos espacios en la cultura :</subfield>
      <subfield code="b">deporte, comunicación y educación para la paz /</subfield>
      <subfield code="c">Edith Cortés Romero ... [et al.].</subfield>
    </datafield>
    <datafield tag="260" ind1=" " ind2=" ">
      <subfield code="a">México :</subfield>
      <subfield code="b">Universidad Autónoma del Estado de México :</subfield>
      <subfield code="b">Miguel Ángel Porrúa,</subfield>
      <subfield code="c">2011.</subfield>
    </datafield>
    <datafield tag="300" ind1=" " ind2=" ">
      <subfield code="a">414 p. :</subfield>
      <subfield code="b">ill. ;</subfield>
      <subfield code="c">23 cm.</subfield>
    </datafield>
    <datafield tag="490" ind1="1" ind2=" ">
      <subfield code="a">Comunicación serie</subfield>
    </datafield>
    <datafield tag="504" ind1=" " ind2=" ">
      <subfield code="a">Includes bibliographical references.</subfield>
    </datafield>
    <datafield tag="650" ind1=" " ind2="0">
      <subfield code="a">Sports</subfield>
      <subfield code="x">Social aspects.</subfield>
    </datafield>
    <datafield tag="650" ind1=" " ind2="0">
      <subfield code="a">Mass media and culture.</subfield>
      <subfield code="0">http://id.loc.gov/authorities/subjects/sh94007034</subfield>
    </datafield>
    <datafield tag="650" ind1=" " ind2="0">
      <subfield code="a">Peace</subfield>
      <subfield code="x">Study and teaching.</subfield>
      <subfield code="0">http://id.loc.gov/authorities/subjects/sh2008109005</subfield>
    </datafield>
    <datafield tag="700" ind1="1" ind2=" ">
      <subfield code="a">Cortés Romero, Edith.</subfield>
      <subfield code="0">http://id.loc.gov/authorities/names/n2009035302</subfield>
    </datafield>
    <datafield tag="830" ind1=" " ind2="0">
      <subfield code="a">Comunicación serie</subfield>
    </datafield>
    <datafield tag="852" ind1="0" ind2=" ">
      <subfield code="b">firestone</subfield>
      <subfield code="c">stacks</subfield>
      <subfield code="h">GV706</subfield>
      <subfield code="i">.C66 2011</subfield>
      <subfield code="8">22726507320006421</subfield>
    </datafield>
  </record>