
  <record>
    <leader>02544dam a2200385 a 4500</leader>
    <controlfield tag="005">20200929120901.0</controlfield>
    <controlfield tag="008">120329s2012    nyua     b    000 0beng  </controlfield>
    <controlfield tag="001">9971282253506421</controlfield>
    <datafield tag="010" ind1=" " ind2=" ">
      <subfield code="a">  2012009369</subfield>
    </datafield>
    <datafield tag="035" ind1=" " ind2=" ">
      <subfield code="a">(OCoLC)ocn759913936</subfield>
    </datafield>
    <datafield tag="035" ind1=" " ind2=" ">
      <subfield code="a">7128225</subfield>
    </datafield>
    <datafield tag="035" ind1=" " ind2=" ">
      <subfield code="a">(OCoLC)759913936</subfield>
    </datafield>
    <datafield tag="035" ind1=" " ind2=" ">
      <subfield code="a">(NjP)7128225-princetondb</subfield>
    </datafield>
    <datafield tag="040" ind1=" " ind2=" ">
      <subfield code="a">DLC</subfield>
      <subfield code="b">eng</subfield>
      <subfield code="c">DLC</subfield>
      <subfield code="d">YDX</subfield>
      <subfield code="d">BTCTA</subfield>
      <subfield code="d">YDXCP</subfield>
      <subfield code="d">BDX</subfield>
      <subfield code="d">ZGY</subfield>
      <subfield code="d">GK8</subfield>
      <subfield code="d">VP@</subfield>
    </datafield>
    <datafield tag="020" ind1=" " ind2=" ">
      <subfield code="a">9781250001450 (hardback)</subfield>
    </datafield>
    <datafield tag="020" ind1=" " ind2=" ">
      <subfield code="a">1250001455 (hardback)</subfield>
    </datafield>
    <datafield tag="020" ind1=" " ind2=" ">
      <subfield code="a">9781250012418 (e-book)</subfield>
    </datafield>
    <datafield tag="020" ind1=" " ind2=" ">
      <subfield code="a">1250012414 (e-book)</subfield>
    </datafield>
    <datafield tag="042" ind1=" " ind2=" ">
      <subfield code="a">pcc</subfield>
    </datafield>
    <datafield tag="043" ind1=" " ind2=" ">
      <subfield code="a">n-us---</subfield>
    </datafield>
    <datafield tag="050" ind1="0" ind2="0">
      <subfield code="a">GV865.H268</subfield>
      <subfield code="b">M54 2012</subfield>
    </datafield>
    <datafield tag="082" ind1="0" ind2="0">
      <subfield code="a">796.357092</subfield>
      <subfield code="a">B</subfield>
      <subfield code="2">23</subfield>
    </datafield>
    <datafield tag="084" ind1=" " ind2=" ">
      <subfield code="a">BIO016000</subfield>
      <subfield code="a">SPO003000</subfield>
      <subfield code="2">bisacsh</subfield>
    </datafield>
    <datafield tag="049" ind1=" " ind2=" ">
      <subfield code="a">PULJ</subfield>
    </datafield>
    <datafield tag="100" ind1="1" ind2=" ">
      <subfield code="a">Miech, Rob.</subfield>
      <subfield code="0">http://id.loc.gov/authorities/names/n2012020904</subfield>
    </datafield>
    <datafield tag="245" ind1="1" ind2="4">
      <subfield code="a">The last natural :</subfield>
      <subfield code="b">Bryce Harper's big gamble in Sin City and the greatest amateur season ever /</subfield>
      <subfield code="c">Rob Miech.</subfield>
    </datafield>
    <datafield tag="250" ind1=" " ind2=" ">
      <subfield code="a">1st ed.</subfield>
    </datafield>
    <datafield tag="260" ind1=" " ind2=" ">
      <subfield code="a">New York :</subfield>
      <subfield code="b">Thomas Dunne Books,</subfield>
      <subfield code="c">2012.</subfield>
    </datafield>
    <datafield tag="300" ind1=" " ind2=" ">
      <subfield code="a">356 p. :</subfield>
      <subfield code="b">ill. ;</subfield>
      <subfield code="c">25 cm.</subfield>
    </datafield>
    <datafield tag="504" ind1=" " ind2=" ">
      <subfield code="a">Includes bibliographical references.</subfield>
    </datafield>
    <datafield tag="520" ind1=" " ind2=" ">
      <subfield code="a">"At his young age, Harper already had dominated high school competition like Mickey Mantle on the playground and appeared on the cover of Sports Illustrated, which dubbed him the "most exciting prodigy since LeBron James." Seeking greater tests as a hitter, the precocious star got his GED after his sophomore year and enrolled at the College of Southern Nevada, where he would face future pro pitchers in a difficult wooden-bat league. Sportswriter Rob Miech was "embedded" with the team--in the dugout and locker room and on team buses and in motel rooms--to provide a warts-and-all account of a boy among men playing like a man among boys. Amid fascinating personal stories including the dynamics between a veteran coach and Harper's overprotective father, the jealousies of teammates and opponents, and the sudden descent of press armies on a tiny college field, the author chronicles a season-long experiment that culmaintes in Harper leading the Coyotes to the Junior College World Series and signing a $9.9 million contract negotiated by notorious agent Scott Boras"--Provided by publisher.</subfield>
    </datafield>
    <datafield tag="600" ind1="1" ind2="0">
      <subfield code="a">Harper, Bryce,</subfield>
      <subfield code="d">1992-</subfield>
      <subfield code="0">http://id.loc.gov/authorities/names/n2012020903</subfield>
    </datafield>
    <datafield tag="650" ind1=" " ind2="0">
      <subfield code="a">Baseball players</subfield>
      <subfield code="z">United States</subfield>
      <subfield code="v">Biography.</subfield>
      <subfield code="0">http://id.loc.gov/authorities/subjects/sh2007101902</subfield>
    </datafield>
    <datafield tag="856" ind1="4" ind2="2">
      <subfield code="3">Cover image</subfield>
      <subfield code="u">http://www.netread.com/jcusers2/bk1388/450/9781250001450/image/lgcover.9781250001450.jpg</subfield>
    </datafield>
    <datafield tag="852" ind1="0" ind2=" ">
      <subfield code="b">firestone</subfield>
      <subfield code="c">stacks</subfield>
      <subfield code="h">GV865.H268</subfield>
      <subfield code="i">M54 2012</subfield>
      <subfield code="8">22515872200006421</subfield>
    </datafield>
  </record>