
  <record>
    <leader>01172dam a2200301Ka 4500</leader>
    <controlfield tag="005">20200929120937.0</controlfield>
    <controlfield tag="008">120525s2012    enk           000 d eng d</controlfield>
    <controlfield tag="001">9971286093506421</controlfield>
    <datafield tag="035" ind1=" " ind2=" ">
      <subfield code="a">(OCoLC)ocn794866321</subfield>
    </datafield>
    <datafield tag="035" ind1=" " ind2=" ">
      <subfield code="a">7128609</subfield>
    </datafield>
    <datafield tag="035" ind1=" " ind2=" ">
      <subfield code="a">(OCoLC)794866321</subfield>
    </datafield>
    <datafield tag="035" ind1=" " ind2=" ">
      <subfield code="a">(NjP)7128609-princetondb</subfield>
    </datafield>
    <datafield tag="040" ind1=" " ind2=" ">
      <subfield code="a">NLE</subfield>
      <subfield code="c">NLE</subfield>
      <subfield code="d">CDX</subfield>
      <subfield code="d">YDXCP</subfield>
      <subfield code="d">BWK</subfield>
      <subfield code="d">YNK</subfield>
      <subfield code="d">UBY</subfield>
      <subfield code="d">OCLCO</subfield>
      <subfield code="d">HLS</subfield>
      <subfield code="d">CUS</subfield>
      <subfield code="d">REB</subfield>
      <subfield code="d">UKMGB</subfield>
      <subfield code="d">NjP</subfield>
    </datafield>
    <datafield tag="020" ind1=" " ind2=" ">
      <subfield code="a">9781408172995</subfield>
    </datafield>
    <datafield tag="020" ind1=" " ind2=" ">
      <subfield code="a">1408172992</subfield>
    </datafield>
    <datafield tag="043" ind1=" " ind2=" ">
      <subfield code="a">e-uk-en</subfield>
    </datafield>
    <datafield tag="050" ind1=" " ind2="4">
      <subfield code="a">PR6116.O35</subfield>
      <subfield code="b">C56 2012</subfield>
    </datafield>
    <datafield tag="082" ind1=" " ind2="4">
      <subfield code="a">822.94</subfield>
    </datafield>
    <datafield tag="100" ind1="1" ind2=" ">
      <subfield code="a">Poliakoff, Laura.</subfield>
      <subfield code="0">http://id.loc.gov/authorities/names/no2012118411</subfield>
    </datafield>
    <datafield tag="245" ind1="1" ind2="0">
      <subfield code="a">Clockwork :</subfield>
      <subfield code="b">a new play /</subfield>
      <subfield code="c">by Laura Poliakoff.</subfield>
    </datafield>
    <datafield tag="246" ind1="1" ind2=" ">
      <subfield code="i">At head of title:</subfield>
      <subfield code="a">High Tide Festival Theatre present</subfield>
    </datafield>
    <datafield tag="260" ind1=" " ind2=" ">
      <subfield code="a">London :</subfield>
      <subfield code="b">Methuen Drama,</subfield>
      <subfield code="c">2012.</subfield>
    </datafield>
    <datafield tag="300" ind1=" " ind2=" ">
      <subfield code="a">78 p. ;</subfield>
      <subfield code="c">20 cm.</subfield>
    </datafield>
    <datafield tag="500" ind1=" " ind2=" ">
      <subfield code="a">"First performance at the High Tide Festival, Halesworth, Suffolk on 4 May 2012."</subfield>
    </datafield>
    <datafield tag="650" ind1=" " ind2="0">
      <subfield code="a">English drama</subfield>
      <subfield code="y">21st century.</subfield>
      <subfield code="0">http://id.loc.gov/authorities/subjects/sh99010782</subfield>
    </datafield>
    <datafield tag="650" ind1=" " ind2="0">
      <subfield code="a">Older people</subfield>
      <subfield code="z">England</subfield>
      <subfield code="z">Bristol</subfield>
      <subfield code="x">Conduct of life.</subfield>
    </datafield>
    <datafield tag="655" ind1=" " ind2="7">
      <subfield code="a">Drama.</subfield>
      <subfield code="2">lcgft</subfield>
      <subfield code="0">http://id.loc.gov/authorities/genreForms/gf2014026297</subfield>
    </datafield>
    <datafield tag="852" ind1="0" ind2=" ">
      <subfield code="b">firestone</subfield>
      <subfield code="c">stacks</subfield>
      <subfield code="h">PR6116.O35</subfield>
      <subfield code="i">C56 2012</subfield>
      <subfield code="8">22515890960006421</subfield>
    </datafield>
  </record>