
  <record>
    <leader>01020dam a2200289 a 4500</leader>
    <controlfield tag="005">20200929121314.0</controlfield>
    <controlfield tag="007">ta</controlfield>
    <controlfield tag="008">120615s2012    bg a   g b    001 0 eng d</controlfield>
    <controlfield tag="001">9971315773506421</controlfield>
    <datafield tag="020" ind1=" " ind2=" ">
      <subfield code="z">9847029700860</subfield>
    </datafield>
    <datafield tag="035" ind1=" " ind2=" ">
      <subfield code="a">(OCoLC)798903660</subfield>
    </datafield>
    <datafield tag="035" ind1=" " ind2=" ">
      <subfield code="a">(OCoLC)ocn798903660</subfield>
    </datafield>
    <datafield tag="035" ind1=" " ind2=" ">
      <subfield code="a">7131577</subfield>
    </datafield>
    <datafield tag="035" ind1=" " ind2=" ">
      <subfield code="a">(NjP)7131577-princetondb</subfield>
    </datafield>
    <datafield tag="040" ind1=" " ind2=" ">
      <subfield code="a">DKAGE</subfield>
      <subfield code="b">eng</subfield>
      <subfield code="c">DKAGE</subfield>
      <subfield code="d">OCLCO</subfield>
    </datafield>
    <datafield tag="043" ind1=" " ind2=" ">
      <subfield code="a">a-bg---</subfield>
    </datafield>
    <datafield tag="050" ind1=" " ind2="4">
      <subfield code="a">GV663.B3</subfield>
      <subfield code="b">B36 2012</subfield>
    </datafield>
    <datafield tag="082" ind1="0" ind2="4">
      <subfield code="a">796.095492</subfield>
      <subfield code="2">23</subfield>
    </datafield>
    <datafield tag="100" ind1="1" ind2=" ">
      <subfield code="a">Bandyopadhyay, Kausik.</subfield>
      <subfield code="0">http://id.loc.gov/authorities/names/n2006205868</subfield>
    </datafield>
    <datafield tag="245" ind1="1" ind2="0">
      <subfield code="a">Bangladesh playing :</subfield>
      <subfield code="b">sport, culture, nation /</subfield>
      <subfield code="c">Kausik Bandyopadhyay.</subfield>
    </datafield>
    <datafield tag="260" ind1=" " ind2=" ">
      <subfield code="a">Dhaka :</subfield>
      <subfield code="b">ICBS :</subfield>
      <subfield code="b">Subarna :</subfield>
      <subfield code="b">Distributor, University Press,</subfield>
      <subfield code="c">2012.</subfield>
    </datafield>
    <datafield tag="300" ind1=" " ind2=" ">
      <subfield code="a">312 p. :</subfield>
      <subfield code="b">ill. ;</subfield>
      <subfield code="c">22 cm.</subfield>
    </datafield>
    <datafield tag="504" ind1=" " ind2=" ">
      <subfield code="a">Includes bibliographical references (p. 261-282) and index.</subfield>
    </datafield>
    <datafield tag="650" ind1=" " ind2="0">
      <subfield code="a">Sports</subfield>
      <subfield code="z">Bangladesh</subfield>
      <subfield code="x">History</subfield>
      <subfield code="y">19th century.</subfield>
    </datafield>
    <datafield tag="650" ind1=" " ind2="0">
      <subfield code="a">Nationalism and sports</subfield>
      <subfield code="z">Bangladesh</subfield>
      <subfield code="x">History.</subfield>
    </datafield>
    <datafield tag="650" ind1=" " ind2="0">
      <subfield code="a">Cricket</subfield>
      <subfield code="z">Bangladesh</subfield>
      <subfield code="x">History.</subfield>
    </datafield>
    <datafield tag="852" ind1="0" ind2=" ">
      <subfield code="b">firestone</subfield>
      <subfield code="c">stacks</subfield>
      <subfield code="h">GV663.B3</subfield>
      <subfield code="i">B36 2012</subfield>
      <subfield code="8">22544441360006421</subfield>
    </datafield>
  </record>