
  <record>
    <leader>01169dam a2200313 a 4500</leader>
    <controlfield tag="005">20200929122051.0</controlfield>
    <controlfield tag="007">ta</controlfield>
    <controlfield tag="008">120516s2012    ii     g      000 0 eng d</controlfield>
    <controlfield tag="001">9971378913506421</controlfield>
    <datafield tag="010" ind1=" " ind2=" ">
      <subfield code="a">  2012337833</subfield>
    </datafield>
    <datafield tag="035" ind1=" " ind2=" ">
      <subfield code="a">(OCoLC)ocn794543495</subfield>
    </datafield>
    <datafield tag="035" ind1=" " ind2=" ">
      <subfield code="a">7137891</subfield>
    </datafield>
    <datafield tag="035" ind1=" " ind2=" ">
      <subfield code="a">(OCoLC)794543495</subfield>
    </datafield>
    <datafield tag="035" ind1=" " ind2=" ">
      <subfield code="a">(NjP)7137891-princetondb</subfield>
    </datafield>
    <datafield tag="040" ind1=" " ind2=" ">
      <subfield code="a">DKAGE</subfield>
      <subfield code="b">eng</subfield>
      <subfield code="c">DKAGE</subfield>
      <subfield code="d">DLC</subfield>
      <subfield code="d">OCLCO</subfield>
    </datafield>
    <datafield tag="020" ind1=" " ind2=" ">
      <subfield code="a">9788170494362</subfield>
    </datafield>
    <datafield tag="020" ind1=" " ind2=" ">
      <subfield code="a">8170494362</subfield>
    </datafield>
    <datafield tag="037" ind1=" " ind2=" ">
      <subfield code="a">Library of Congress -- New Delhi Overseas Office</subfield>
    </datafield>
    <datafield tag="043" ind1=" " ind2=" ">
      <subfield code="a">a-ii---</subfield>
    </datafield>
    <datafield tag="050" ind1=" " ind2="4">
      <subfield code="a">GV722.5.B7</subfield>
      <subfield code="b">P56 2012</subfield>
    </datafield>
    <datafield tag="245" ind1="0" ind2="0">
      <subfield code="a">PMO to Delhi Secretariat :</subfield>
      <subfield code="b">RTIs expose Common-wealth scam /</subfield>
      <subfield code="c">[compiled by] Vivek Garg.</subfield>
    </datafield>
    <datafield tag="246" ind1="3" ind2=" ">
      <subfield code="a">Prime Minister's Office to Delhi Secretariat</subfield>
    </datafield>
    <datafield tag="260" ind1=" " ind2=" ">
      <subfield code="a">New Delhi :</subfield>
      <subfield code="b">Manas Publications,</subfield>
      <subfield code="c">c2012.</subfield>
    </datafield>
    <datafield tag="300" ind1=" " ind2=" ">
      <subfield code="a">496 p. ;</subfield>
      <subfield code="c">25 cm.</subfield>
    </datafield>
    <datafield tag="611" ind1="2" ind2="0">
      <subfield code="a">Commonwealth Games</subfield>
      <subfield code="n">(19th :</subfield>
      <subfield code="d">2010 :</subfield>
      <subfield code="c">New Delhi, India).</subfield>
      <subfield code="e">Organizing Committee</subfield>
      <subfield code="x">Corrupt practices.</subfield>
    </datafield>
    <datafield tag="650" ind1=" " ind2="0">
      <subfield code="a">Hosting of sporting events</subfield>
      <subfield code="x">Corrupt practices</subfield>
      <subfield code="z">India.</subfield>
    </datafield>
    <datafield tag="650" ind1=" " ind2="0">
      <subfield code="a">Executive departments</subfield>
      <subfield code="z">India</subfield>
      <subfield code="v">Records and correspondence.</subfield>
    </datafield>
    <datafield tag="700" ind1="1" ind2=" ">
      <subfield code="a">Garg, Vivek.</subfield>
      <subfield code="0">http://id.loc.gov/authorities/names/no2004073967</subfield>
    </datafield>
    <datafield tag="852" ind1="0" ind2=" ">
      <subfield code="b">firestone</subfield>
      <subfield code="c">stacks</subfield>
      <subfield code="h">GV722.5.B7</subfield>
      <subfield code="i">P56 2012</subfield>
      <subfield code="8">22558562990006421</subfield>
    </datafield>
  </record>