
  <record>
    <leader>01372dam a2200325 a 4500</leader>
    <controlfield tag="005">20200929142549.0</controlfield>
    <controlfield tag="008">120417s2012    nyuabc        000 0deng  </controlfield>
    <controlfield tag="001">9971544883506421</controlfield>
    <datafield tag="010" ind1=" " ind2=" ">
      <subfield code="a">  2012014594</subfield>
    </datafield>
    <datafield tag="035" ind1=" " ind2=" ">
      <subfield code="a">(OCoLC)ocn785077549</subfield>
    </datafield>
    <datafield tag="035" ind1=" " ind2=" ">
      <subfield code="a">7154488</subfield>
    </datafield>
    <datafield tag="035" ind1=" " ind2=" ">
      <subfield code="a">(OCoLC)785077549</subfield>
    </datafield>
    <datafield tag="035" ind1=" " ind2=" ">
      <subfield code="a">(NjP)7154488-princetondb</subfield>
    </datafield>
    <datafield tag="040" ind1=" " ind2=" ">
      <subfield code="a">DLC</subfield>
      <subfield code="b">eng</subfield>
      <subfield code="c">DLC</subfield>
      <subfield code="d">IG#</subfield>
      <subfield code="d">BTCTA</subfield>
      <subfield code="d">BDX</subfield>
      <subfield code="d">OCLCO</subfield>
      <subfield code="d">JP3</subfield>
    </datafield>
    <datafield tag="020" ind1=" " ind2=" ">
      <subfield code="a">9780399161117 (hbk.) :</subfield>
      <subfield code="c">$26.95</subfield>
    </datafield>
    <datafield tag="020" ind1=" " ind2=" ">
      <subfield code="a">0399161112 (hbk.) :</subfield>
      <subfield code="c">$26.95</subfield>
    </datafield>
    <datafield tag="050" ind1="0" ind2="0">
      <subfield code="a">GV832</subfield>
      <subfield code="b">.W66 2012</subfield>
    </datafield>
    <datafield tag="082" ind1="0" ind2="0">
      <subfield code="a">797.1/4</subfield>
      <subfield code="2">23</subfield>
    </datafield>
    <datafield tag="049" ind1=" " ind2=" ">
      <subfield code="a">PULJ</subfield>
    </datafield>
    <datafield tag="100" ind1="1" ind2=" ">
      <subfield code="a">Woods, Stuart.</subfield>
      <subfield code="0">http://id.loc.gov/authorities/names/n79045422</subfield>
    </datafield>
    <datafield tag="245" ind1="1" ind2="0">
      <subfield code="a">Blue water, green skipper :</subfield>
      <subfield code="b">a memoir of sailing alone across the Atlantic /</subfield>
      <subfield code="c">Stuart Woods.</subfield>
    </datafield>
    <datafield tag="250" ind1=" " ind2=" ">
      <subfield code="a">2012 ed.</subfield>
    </datafield>
    <datafield tag="260" ind1=" " ind2=" ">
      <subfield code="a">New York :</subfield>
      <subfield code="b">G. P. Putnam's Sons,</subfield>
      <subfield code="c">c2012.</subfield>
    </datafield>
    <datafield tag="300" ind1=" " ind2=" ">
      <subfield code="a">282 p. :</subfield>
      <subfield code="b">ill., map, ports. ;</subfield>
      <subfield code="c">24 cm.</subfield>
    </datafield>
    <datafield tag="500" ind1=" " ind2=" ">
      <subfield code="a">Edition statement from afterword.</subfield>
    </datafield>
    <datafield tag="520" ind1=" " ind2=" ">
      <subfield code="a">The author's memoir of sailing alone across the Atlantic, with a new afterword that looks back at how one transatlantic race changed his life.</subfield>
    </datafield>
    <datafield tag="600" ind1="1" ind2="0">
      <subfield code="a">Woods, Stuart.</subfield>
      <subfield code="0">http://id.loc.gov/authorities/names/n79045422</subfield>
    </datafield>
    <datafield tag="611" ind1="2" ind2="0">
      <subfield code="a">Observer Single-handed Trans-Atlantic Race.</subfield>
      <subfield code="0">http://id.loc.gov/authorities/names/n2006057254</subfield>
    </datafield>
    <datafield tag="650" ind1=" " ind2="0">
      <subfield code="a">Single-handed sailing.</subfield>
      <subfield code="0">http://id.loc.gov/authorities/subjects/sh85116533</subfield>
    </datafield>
    <datafield tag="852" ind1="0" ind2=" ">
      <subfield code="b">firestone</subfield>
      <subfield code="c">stacks</subfield>
      <subfield code="h">GV832</subfield>
      <subfield code="i">.W66 2012</subfield>
      <subfield code="8">22491829800006421</subfield>
    </datafield>
  </record>