
  <record>
    <leader>01476dam a2200313Ia 4500</leader>
    <controlfield tag="005">20200929144018.0</controlfield>
    <controlfield tag="008">120417s2012    nyua     b    001 0 eng d</controlfield>
    <controlfield tag="001">9971672263506421</controlfield>
    <datafield tag="035" ind1=" " ind2=" ">
      <subfield code="a">7167226</subfield>
    </datafield>
    <datafield tag="035" ind1=" " ind2=" ">
      <subfield code="a">(OCoLC)ocn776772255</subfield>
    </datafield>
    <datafield tag="035" ind1=" " ind2=" ">
      <subfield code="a">(NjP)7167226-princetondb</subfield>
    </datafield>
    <datafield tag="040" ind1=" " ind2=" ">
      <subfield code="a">UKMGB</subfield>
      <subfield code="c">UKMGB</subfield>
      <subfield code="d">BDX</subfield>
      <subfield code="d">OCP</subfield>
      <subfield code="d">GG4</subfield>
      <subfield code="d">YDXCP</subfield>
      <subfield code="d">JRS</subfield>
      <subfield code="d">BKX</subfield>
      <subfield code="d">VP@</subfield>
    </datafield>
    <datafield tag="015" ind1=" " ind2=" ">
      <subfield code="a">GBB211669</subfield>
      <subfield code="2">bnb</subfield>
    </datafield>
    <datafield tag="016" ind1="7" ind2=" ">
      <subfield code="a">016025710</subfield>
      <subfield code="2">Uk</subfield>
    </datafield>
    <datafield tag="020" ind1=" " ind2=" ">
      <subfield code="a">9780061881794 (pbk.) :</subfield>
      <subfield code="c">$14.99</subfield>
    </datafield>
    <datafield tag="020" ind1=" " ind2=" ">
      <subfield code="a">0061881791 (pbk.) :</subfield>
      <subfield code="c">$14.99</subfield>
    </datafield>
    <datafield tag="050" ind1="1" ind2="4">
      <subfield code="a">GV861</subfield>
      <subfield code="b">.F69 2012</subfield>
    </datafield>
    <datafield tag="100" ind1="1" ind2=" ">
      <subfield code="a">Fox, John.</subfield>
      <subfield code="0">http://id.loc.gov/authorities/names/n85280781</subfield>
    </datafield>
    <datafield tag="245" ind1="1" ind2="4">
      <subfield code="a">The ball :</subfield>
      <subfield code="b">discovering the object of the game /</subfield>
      <subfield code="c">John Fox.</subfield>
    </datafield>
    <datafield tag="250" ind1=" " ind2=" ">
      <subfield code="a">1st ed.</subfield>
    </datafield>
    <datafield tag="260" ind1=" " ind2=" ">
      <subfield code="a">New York :</subfield>
      <subfield code="b">Harper Perennial,</subfield>
      <subfield code="c">c2012.</subfield>
    </datafield>
    <datafield tag="300" ind1=" " ind2=" ">
      <subfield code="a">373, 16 p. :</subfield>
      <subfield code="b">ill. ;</subfield>
      <subfield code="c">21 cm.</subfield>
    </datafield>
    <datafield tag="504" ind1=" " ind2=" ">
      <subfield code="a">Includes bibliographical references (p. [333]-354) and index.</subfield>
    </datafield>
    <datafield tag="505" ind1="0" ind2=" ">
      <subfield code="a">Prologue : warm-up -- Play ball -- From skirmish to scrum -- Advantage, king -- Sudden death in the new world -- The creator's game -- Home, with joy -- Played in America -- Nothing new under the sun -- Epilogue : back to basics.</subfield>
    </datafield>
    <datafield tag="520" ind1=" " ind2=" ">
      <subfield code="a">From the jungles of Mexico to the farm country of Ohio, this history of the ball and the evolution of human play and civilization follows the author, an anthropologist, as he explores the untold history of our favorite ball games.</subfield>
    </datafield>
    <datafield tag="650" ind1=" " ind2="0">
      <subfield code="a">Ball games</subfield>
      <subfield code="x">History.</subfield>
    </datafield>
    <datafield tag="650" ind1=" " ind2="0">
      <subfield code="a">Sports</subfield>
      <subfield code="x">Social aspects</subfield>
      <subfield code="x">History.</subfield>
    </datafield>
    <datafield tag="852" ind1="0" ind2=" ">
      <subfield code="b">firestone</subfield>
      <subfield code="c">stacks</subfield>
      <subfield code="h">GV861</subfield>
      <subfield code="i">.F69 2012</subfield>
      <subfield code="8">22567244200006421</subfield>
    </datafield>
  </record>