
  <record>
    <leader>01998dam a2200349 a 4500</leader>
    <controlfield tag="005">20200929144023.0</controlfield>
    <controlfield tag="008">110919s2012    nyu           000 1 eng  </controlfield>
    <controlfield tag="001">9971672783506421</controlfield>
    <datafield tag="010" ind1=" " ind2=" ">
      <subfield code="a">  2011038765</subfield>
    </datafield>
    <datafield tag="035" ind1=" " ind2=" ">
      <subfield code="a">(OCoLC)ocn753915238</subfield>
    </datafield>
    <datafield tag="035" ind1=" " ind2=" ">
      <subfield code="a">7167278</subfield>
    </datafield>
    <datafield tag="035" ind1=" " ind2=" ">
      <subfield code="a">(OCoLC)753915238</subfield>
    </datafield>
    <datafield tag="035" ind1=" " ind2=" ">
      <subfield code="a">(NjP)7167278-princetondb</subfield>
    </datafield>
    <datafield tag="035" ind1=" " ind2=" ">
      <subfield code="z">(OCoLC)803829110</subfield>
    </datafield>
    <datafield tag="040" ind1=" " ind2=" ">
      <subfield code="a">DLC</subfield>
      <subfield code="b">eng</subfield>
      <subfield code="c">DLC</subfield>
      <subfield code="d">IG#</subfield>
      <subfield code="d">BTCTA</subfield>
      <subfield code="d">YDXCP</subfield>
      <subfield code="d">BDX</subfield>
      <subfield code="d">WIM</subfield>
      <subfield code="d">CKE</subfield>
      <subfield code="d">IH9</subfield>
      <subfield code="d">JAG</subfield>
      <subfield code="d">CDX</subfield>
      <subfield code="d">BWX</subfield>
      <subfield code="d">VP@</subfield>
    </datafield>
    <datafield tag="019" ind1=" " ind2=" ">
      <subfield code="a">803829110</subfield>
    </datafield>
    <datafield tag="020" ind1=" " ind2=" ">
      <subfield code="a">9780802779991 (hbk.)</subfield>
    </datafield>
    <datafield tag="020" ind1=" " ind2=" ">
      <subfield code="a">0802779999 (hbk.)</subfield>
    </datafield>
    <datafield tag="037" ind1=" " ind2=" ">
      <subfield code="b">St Martins Pr, C/O Mps 16365 James Madison Hwy Us Hwy 15, Gordonsville, VA, USA, 22942, (212)6745151</subfield>
      <subfield code="n">SAN 631-5011</subfield>
    </datafield>
    <datafield tag="043" ind1=" " ind2=" ">
      <subfield code="a">e-gi---</subfield>
    </datafield>
    <datafield tag="050" ind1="0" ind2="0">
      <subfield code="a">PR6113.O359</subfield>
      <subfield code="b">S53 2012</subfield>
    </datafield>
    <datafield tag="082" ind1="0" ind2="0">
      <subfield code="a">823/.92</subfield>
      <subfield code="2">23</subfield>
    </datafield>
    <datafield tag="049" ind1=" " ind2=" ">
      <subfield code="a">PULJ</subfield>
    </datafield>
    <datafield tag="100" ind1="1" ind2=" ">
      <subfield code="a">Mogford, Thomas.</subfield>
      <subfield code="0">http://id.loc.gov/authorities/names/n2011064916</subfield>
    </datafield>
    <datafield tag="245" ind1="1" ind2="0">
      <subfield code="a">Shadow of the rock :</subfield>
      <subfield code="b">a Spike Sanguinetti novel /</subfield>
      <subfield code="c">Thomas Mogford.</subfield>
    </datafield>
    <datafield tag="250" ind1=" " ind2=" ">
      <subfield code="a">1st U.S. ed.</subfield>
    </datafield>
    <datafield tag="260" ind1=" " ind2=" ">
      <subfield code="a">New York :</subfield>
      <subfield code="b">Walker &amp; Co.,</subfield>
      <subfield code="c">2012.</subfield>
    </datafield>
    <datafield tag="300" ind1=" " ind2=" ">
      <subfield code="a">261 p. ;</subfield>
      <subfield code="c">22 cm.</subfield>
    </datafield>
    <datafield tag="520" ind1=" " ind2=" ">
      <subfield code="a">"A humid summer night in Gibraltar. Lawyer Spike Sanguinetti arrives home to find an old friend, Solomon Hassan, waiting on his doorstep. Solomon is on the run. A Spanish girl has been found with her throat cut on a beach in Tangiers and he is accused of her murder. He has managed to skip across the Straits but the Moroccan authorities want him back. Spike travels to Tangiers to try to delay Solomon's extradition, and there meets a beautiful Bedouin girl. Zahra is investigating the disappearance of her father, a trail which leads mysteriously back to Solomon. Questioning how well he really knows his friend, Spike finds himself drawn into a dangerous game of secrets, corruption and murderous lies" -- from publisher's web site.</subfield>
    </datafield>
    <datafield tag="651" ind1=" " ind2="0">
      <subfield code="a">Gibraltar</subfield>
      <subfield code="v">Fiction.</subfield>
    </datafield>
    <datafield tag="655" ind1=" " ind2="7">
      <subfield code="a">Fiction.</subfield>
      <subfield code="2">lcgft</subfield>
      <subfield code="0">http://id.loc.gov/authorities/genreForms/gf2014026339</subfield>
    </datafield>
    <datafield tag="655" ind1=" " ind2="7">
      <subfield code="a">Fiction.</subfield>
      <subfield code="2">lcgft</subfield>
      <subfield code="0">http://id.loc.gov/authorities/genreForms/gf2014026339</subfield>
    </datafield>
    <datafield tag="852" ind1="0" ind2=" ">
      <subfield code="b">firestone</subfield>
      <subfield code="c">stacks</subfield>
      <subfield code="h">PR6113.O359</subfield>
      <subfield code="i">S53 2012</subfield>
      <subfield code="8">22567278480006421</subfield>
    </datafield>
  </record>