
  <record>
    <leader>01390dam a2200313 a 4500</leader>
    <controlfield tag="005">20200929134826.0</controlfield>
    <controlfield tag="008">110923s2012    nyu           000 1 eng  </controlfield>
    <controlfield tag="001">9971820763506421</controlfield>
    <datafield tag="010" ind1=" " ind2=" ">
      <subfield code="a">  2011039733</subfield>
    </datafield>
    <datafield tag="035" ind1=" " ind2=" ">
      <subfield code="a">7182076</subfield>
    </datafield>
    <datafield tag="035" ind1=" " ind2=" ">
      <subfield code="a">(OCoLC)ocn754518615</subfield>
      <subfield code="z">(OCoLC)ocn802251261</subfield>
      <subfield code="z">(OCoLC)ocn819807909</subfield>
      <subfield code="z">(OCoLC)ocn865340921</subfield>
      <subfield code="z">(OCoLC)ocn965556068</subfield>
      <subfield code="z">(OCoLC)ocn971909563</subfield>
      <subfield code="z">(OCoLC)on1020440391</subfield>
      <subfield code="z">(OCoLC)on1052624123</subfield>
    </datafield>
    <datafield tag="035" ind1=" " ind2=" ">
      <subfield code="a">(NjP)7182076-princetondb</subfield>
    </datafield>
    <datafield tag="035" ind1=" " ind2=" ">
      <subfield code="z">(OCoLC)802251261</subfield>
      <subfield code="z">(OCoLC)819807909</subfield>
      <subfield code="z">(OCoLC)865340921</subfield>
      <subfield code="z">(OCoLC)965556068</subfield>
      <subfield code="z">(OCoLC)971909563</subfield>
      <subfield code="z">(OCoLC)1020440391</subfield>
      <subfield code="z">(OCoLC)1052624123</subfield>
    </datafield>
    <datafield tag="040" ind1=" " ind2=" ">
      <subfield code="a">DLC</subfield>
      <subfield code="b">eng</subfield>
      <subfield code="c">DLC</subfield>
      <subfield code="d">BTCTA</subfield>
      <subfield code="d">BDX</subfield>
      <subfield code="d">YDXCP</subfield>
      <subfield code="d">FN4</subfield>
      <subfield code="d">IEB</subfield>
      <subfield code="d">JAG</subfield>
      <subfield code="d">LEB</subfield>
      <subfield code="d">OCLCO</subfield>
      <subfield code="d">BWX</subfield>
      <subfield code="d">NjP</subfield>
    </datafield>
    <datafield tag="020" ind1=" " ind2=" ">
      <subfield code="a">9780385534659</subfield>
    </datafield>
    <datafield tag="020" ind1=" " ind2=" ">
      <subfield code="a">0385534655</subfield>
    </datafield>
    <datafield tag="042" ind1=" " ind2=" ">
      <subfield code="a">pcc</subfield>
    </datafield>
    <datafield tag="050" ind1="0" ind2="0">
      <subfield code="a">PR9619.4.I79</subfield>
      <subfield code="b">B76 2012</subfield>
    </datafield>
    <datafield tag="019" ind1=" " ind2=" ">
      <subfield code="a">802251261</subfield>
      <subfield code="a">819807909</subfield>
      <subfield code="a">865340921</subfield>
      <subfield code="a">965556068</subfield>
      <subfield code="a">971909563</subfield>
      <subfield code="a">1020440391</subfield>
      <subfield code="a">1052624123</subfield>
    </datafield>
    <datafield tag="100" ind1="1" ind2=" ">
      <subfield code="a">Irwin, Stephen M.</subfield>
      <subfield code="0">http://id.loc.gov/authorities/names/n2009081255</subfield>
    </datafield>
    <datafield tag="245" ind1="1" ind2="4">
      <subfield code="a">The broken ones :</subfield>
      <subfield code="b">a novel /</subfield>
      <subfield code="c">Stephen M. Irwin.</subfield>
    </datafield>
    <datafield tag="250" ind1=" " ind2=" ">
      <subfield code="a">1st ed.</subfield>
    </datafield>
    <datafield tag="260" ind1=" " ind2=" ">
      <subfield code="a">New York :</subfield>
      <subfield code="b">Doubleday,</subfield>
      <subfield code="c">2012.</subfield>
    </datafield>
    <datafield tag="300" ind1=" " ind2=" ">
      <subfield code="a">356 p. ;</subfield>
      <subfield code="c">25 cm.</subfield>
    </datafield>
    <datafield tag="650" ind1=" " ind2="0">
      <subfield code="a">Future life</subfield>
      <subfield code="v">Fiction.</subfield>
      <subfield code="0">http://id.loc.gov/authorities/subjects/sh2008103663</subfield>
    </datafield>
    <datafield tag="650" ind1=" " ind2="0">
      <subfield code="a">Serial murder investigation</subfield>
      <subfield code="v">Fiction.</subfield>
      <subfield code="0">http://id.loc.gov/authorities/subjects/sh2010112687</subfield>
    </datafield>
    <datafield tag="655" ind1=" " ind2="7">
      <subfield code="a">Fiction.</subfield>
      <subfield code="2">lcgft</subfield>
      <subfield code="0">http://id.loc.gov/authorities/genreForms/gf2014026339</subfield>
    </datafield>
    <datafield tag="655" ind1=" " ind2="7">
      <subfield code="a">Fiction.</subfield>
      <subfield code="2">lcgft</subfield>
      <subfield code="0">http://id.loc.gov/authorities/genreForms/gf2014026339</subfield>
    </datafield>
    <datafield tag="852" ind1="0" ind2=" ">
      <subfield code="b">firestone</subfield>
      <subfield code="c">stacks</subfield>
      <subfield code="h">PR9619.4.I79</subfield>
      <subfield code="i">B76 2012</subfield>
      <subfield code="8">22721785750006421</subfield>
    </datafield>
  </record>