
  <record>
    <leader>01267dam a2200277   4500</leader>
    <controlfield tag="005">20200929140314.0</controlfield>
    <controlfield tag="008">120531s2012    xxk           000 0 eng  </controlfield>
    <controlfield tag="001">9971965193506421</controlfield>
    <datafield tag="035" ind1=" " ind2=" ">
      <subfield code="a">(OCoLC)ocn796051205</subfield>
    </datafield>
    <datafield tag="035" ind1=" " ind2=" ">
      <subfield code="a">7196519</subfield>
    </datafield>
    <datafield tag="035" ind1=" " ind2=" ">
      <subfield code="a">(OCoLC)796051205</subfield>
    </datafield>
    <datafield tag="035" ind1=" " ind2=" ">
      <subfield code="a">(NjP)7196519-princetondb</subfield>
    </datafield>
    <datafield tag="040" ind1=" " ind2=" ">
      <subfield code="a">AU@</subfield>
      <subfield code="b">eng</subfield>
      <subfield code="c">AU@</subfield>
      <subfield code="d">QGK</subfield>
      <subfield code="d">OCLCO</subfield>
      <subfield code="d">UKMGB</subfield>
      <subfield code="d">CGU</subfield>
    </datafield>
    <datafield tag="016" ind1="7" ind2=" ">
      <subfield code="a">016123754</subfield>
      <subfield code="2">Uk</subfield>
    </datafield>
    <datafield tag="020" ind1=" " ind2=" ">
      <subfield code="a">9781846881879 (pbk)</subfield>
    </datafield>
    <datafield tag="020" ind1=" " ind2=" ">
      <subfield code="a">1846881870 (pbk)</subfield>
    </datafield>
    <datafield tag="050" ind1="1" ind2="4">
      <subfield code="a">PR9619.3.K55</subfield>
      <subfield code="b">J34 2012</subfield>
    </datafield>
    <datafield tag="100" ind1="1" ind2=" ">
      <subfield code="a">Kinsella, John,</subfield>
      <subfield code="d">1963-</subfield>
      <subfield code="0">http://id.loc.gov/authorities/names/n92120709</subfield>
    </datafield>
    <datafield tag="245" ind1="1" ind2="4">
      <subfield code="a">The jaguar's dream :</subfield>
      <subfield code="b">translations, adaptations, versions, extrapolations, interpolations, afters, takes and departures /</subfield>
      <subfield code="c">John Kinsella.</subfield>
    </datafield>
    <datafield tag="260" ind1=" " ind2=" ">
      <subfield code="a">Richmond, [England] :</subfield>
      <subfield code="b">Herla,</subfield>
      <subfield code="c">2012.</subfield>
    </datafield>
    <datafield tag="300" ind1=" " ind2=" ">
      <subfield code="a">251 p. ;</subfield>
      <subfield code="c">20 cm.</subfield>
    </datafield>
    <datafield tag="500" ind1=" " ind2=" ">
      <subfield code="a">Includes index.</subfield>
    </datafield>
    <datafield tag="505" ind1="0" ind2=" ">
      <subfield code="a">Machine generated contents note: Classical Verse I -- Book 6, a Version of Virgil's Aeneid -- Classical Verse II -- Villon -- Verse From the 16th to 19th Centuries -- The Poet's Gargoyle - Arthur Rimbaud -- Verse From the 19th to 20th Centuries -- Verse From the 20th to 21st Centuries.</subfield>
    </datafield>
    <datafield tag="650" ind1=" " ind2="0">
      <subfield code="a">Australian poetry.</subfield>
      <subfield code="0">http://id.loc.gov/authorities/subjects/sh85009643</subfield>
    </datafield>
    <datafield tag="852" ind1="0" ind2=" ">
      <subfield code="b">firestone</subfield>
      <subfield code="c">stacks</subfield>
      <subfield code="h">PR9619.3.K55</subfield>
      <subfield code="i">J34 2012</subfield>
      <subfield code="8">22711915750006421</subfield>
    </datafield>
  </record>