
  <record>
    <leader>00789dam a2200241Ma 4500</leader>
    <controlfield tag="005">20200929140334.0</controlfield>
    <controlfield tag="008">120806s2012    ie            000 j eng c</controlfield>
    <controlfield tag="001">9971966783506421</controlfield>
    <datafield tag="035" ind1=" " ind2=" ">
      <subfield code="a">7196678</subfield>
    </datafield>
    <datafield tag="035" ind1=" " ind2=" ">
      <subfield code="a">(OCoLC)ocn812685547</subfield>
    </datafield>
    <datafield tag="035" ind1=" " ind2=" ">
      <subfield code="a">(NjP)7196678-princetondb</subfield>
    </datafield>
    <datafield tag="040" ind1=" " ind2=" ">
      <subfield code="a">UKMGB</subfield>
      <subfield code="b">eng</subfield>
      <subfield code="c">UKMGB</subfield>
      <subfield code="d">OCLCQ</subfield>
      <subfield code="d">NjP</subfield>
    </datafield>
    <datafield tag="020" ind1=" " ind2=" ">
      <subfield code="a">9781781170656 (pbk.)</subfield>
    </datafield>
    <datafield tag="020" ind1=" " ind2=" ">
      <subfield code="a">1781170657 (pbk.)</subfield>
    </datafield>
    <datafield tag="042" ind1=" " ind2=" ">
      <subfield code="a">pcc</subfield>
    </datafield>
    <datafield tag="050" ind1=" " ind2="4">
      <subfield code="a">PR6118.U86</subfield>
      <subfield code="b">B56 2012</subfield>
    </datafield>
    <datafield tag="100" ind1="1" ind2=" ">
      <subfield code="a">Russell, Joyce.</subfield>
      <subfield code="0">http://id.loc.gov/authorities/names/no2005021855</subfield>
    </datafield>
    <datafield tag="245" ind1="1" ind2="0">
      <subfield code="a">Bloodlines and other stories /</subfield>
      <subfield code="c">Joyce Russell.</subfield>
    </datafield>
    <datafield tag="260" ind1=" " ind2=" ">
      <subfield code="a">Cork :</subfield>
      <subfield code="b">Mercier Press,</subfield>
      <subfield code="c">2012.</subfield>
    </datafield>
    <datafield tag="300" ind1=" " ind2=" ">
      <subfield code="a">224 p. ;</subfield>
      <subfield code="c">20 cm.</subfield>
    </datafield>
    <datafield tag="655" ind1=" " ind2="7">
      <subfield code="a">Short stories.</subfield>
      <subfield code="2">lcgft</subfield>
      <subfield code="0">http://id.loc.gov/authorities/genreForms/gf2014026542</subfield>
    </datafield>
    <datafield tag="852" ind1="0" ind2=" ">
      <subfield code="b">firestone</subfield>
      <subfield code="c">stacks</subfield>
      <subfield code="h">PR6118.U86</subfield>
      <subfield code="i">B56 2012</subfield>
      <subfield code="8">22711935940006421</subfield>
    </datafield>
  </record>