
  <record>
    <leader>01903dam a2200349Ia 4500</leader>
    <controlfield tag="005">20200929140350.0</controlfield>
    <controlfield tag="008">120407s2012    nyuaf         001 0aeng d</controlfield>
    <controlfield tag="001">9971968203506421</controlfield>
    <datafield tag="035" ind1=" " ind2=" ">
      <subfield code="a">(OCoLC)ocn785079481</subfield>
    </datafield>
    <datafield tag="035" ind1=" " ind2=" ">
      <subfield code="a">(OCoLC)785079481</subfield>
    </datafield>
    <datafield tag="035" ind1=" " ind2=" ">
      <subfield code="a">7196820</subfield>
    </datafield>
    <datafield tag="035" ind1=" " ind2=" ">
      <subfield code="a">(OCoLC)785079481</subfield>
      <subfield code="z">(OCoLC)809723651</subfield>
    </datafield>
    <datafield tag="035" ind1=" " ind2=" ">
      <subfield code="a">(NjP)7196820-princetondb</subfield>
    </datafield>
    <datafield tag="035" ind1=" " ind2=" ">
      <subfield code="z">(OCoLC)809723651</subfield>
    </datafield>
    <datafield tag="040" ind1=" " ind2=" ">
      <subfield code="a">BTCTA</subfield>
      <subfield code="b">eng</subfield>
      <subfield code="c">BTCTA</subfield>
      <subfield code="d">BDX</subfield>
      <subfield code="d">YDXCP</subfield>
      <subfield code="d">FN4</subfield>
      <subfield code="d">GRPVE</subfield>
      <subfield code="d">OCP</subfield>
      <subfield code="d">BUR</subfield>
      <subfield code="d">ZS3</subfield>
      <subfield code="d">IK2</subfield>
      <subfield code="d">TUU</subfield>
      <subfield code="d">ORX</subfield>
      <subfield code="d">JOY</subfield>
      <subfield code="d">WIH</subfield>
      <subfield code="d">VP@</subfield>
      <subfield code="d">ABG</subfield>
      <subfield code="d">NjP</subfield>
    </datafield>
    <datafield tag="019" ind1=" " ind2=" ">
      <subfield code="a">809723651</subfield>
    </datafield>
    <datafield tag="020" ind1=" " ind2=" ">
      <subfield code="a">9780062207388 :</subfield>
      <subfield code="c">$27.99</subfield>
    </datafield>
    <datafield tag="020" ind1=" " ind2=" ">
      <subfield code="a">0062207385 :</subfield>
      <subfield code="c">$27.99</subfield>
    </datafield>
    <datafield tag="043" ind1=" " ind2=" ">
      <subfield code="a">n-us-mo</subfield>
    </datafield>
    <datafield tag="050" ind1=" " ind2="4">
      <subfield code="a">GV865.L28</subfield>
      <subfield code="b">A3 2012</subfield>
    </datafield>
    <datafield tag="100" ind1="1" ind2=" ">
      <subfield code="a">La Russa, Tony.</subfield>
      <subfield code="0">http://id.loc.gov/authorities/names/n2003092518</subfield>
    </datafield>
    <datafield tag="245" ind1="1" ind2="0">
      <subfield code="a">One last strike :</subfield>
      <subfield code="b">fifty years in baseball, ten and a half games back, and one final championship season /</subfield>
      <subfield code="c">Tony La Russa with Rick Hummel ; [with a foreword by John Grisham].</subfield>
    </datafield>
    <datafield tag="250" ind1=" " ind2=" ">
      <subfield code="a">1st ed.</subfield>
    </datafield>
    <datafield tag="260" ind1=" " ind2=" ">
      <subfield code="a">New York :</subfield>
      <subfield code="b">William Morrow,</subfield>
      <subfield code="c">c2012.</subfield>
    </datafield>
    <datafield tag="300" ind1=" " ind2=" ">
      <subfield code="a">xii, 420 p., [16] p. of plates :</subfield>
      <subfield code="b">ill. (chiefly col.) ;</subfield>
      <subfield code="c">24 cm.</subfield>
    </datafield>
    <datafield tag="500" ind1=" " ind2=" ">
      <subfield code="a">Includes index.</subfield>
    </datafield>
    <datafield tag="505" ind1="0" ind2=" ">
      <subfield code="a">Going the distance -- Spring starts at zero -- Opening day -- The surge -- The storm -- Buyer or seller -- Tough decisions -- Sliding -- The comeback -- The big close -- Seeing things in a new light -- Turning pages -- split -- Hanging in there -- Brothers in arms -- Hold 'em right here -- the right kind of bull -- Making it happen -- Back again -- Run not hide -- The middle of the road -- You had to see it for yourself -- We're history.</subfield>
    </datafield>
    <datafield tag="600" ind1="1" ind2="0">
      <subfield code="a">La Russa, Tony.</subfield>
      <subfield code="0">http://id.loc.gov/authorities/names/n2003092518</subfield>
    </datafield>
    <datafield tag="650" ind1=" " ind2="0">
      <subfield code="a">Baseball managers</subfield>
      <subfield code="z">Missouri</subfield>
      <subfield code="z">Saint Louis</subfield>
      <subfield code="v">Biography.</subfield>
    </datafield>
    <datafield tag="610" ind1="2" ind2="0">
      <subfield code="a">St. Louis Cardinals (Baseball team)</subfield>
      <subfield code="0">http://id.loc.gov/authorities/names/n80004153</subfield>
    </datafield>
    <datafield tag="700" ind1="1" ind2=" ">
      <subfield code="a">Hummel, Rick.</subfield>
      <subfield code="0">http://id.loc.gov/authorities/names/no2012126321</subfield>
    </datafield>
    <datafield tag="852" ind1="0" ind2=" ">
      <subfield code="b">firestone</subfield>
      <subfield code="c">stacks</subfield>
      <subfield code="h">GV865.L28</subfield>
      <subfield code="i">A3 2012</subfield>
      <subfield code="8">22711994440006421</subfield>
    </datafield>
  </record>