
  <record>
    <leader>01178dam a2200301 a 4500</leader>
    <controlfield tag="005">20200929140407.0</controlfield>
    <controlfield tag="008">120413s2012    enk           000 1 eng d</controlfield>
    <controlfield tag="001">9971969483506421</controlfield>
    <datafield tag="035" ind1=" " ind2=" ">
      <subfield code="a">(OCoLC)ocn800852749</subfield>
    </datafield>
    <datafield tag="035" ind1=" " ind2=" ">
      <subfield code="a">7196948</subfield>
    </datafield>
    <datafield tag="035" ind1=" " ind2=" ">
      <subfield code="a">(OCoLC)800852749</subfield>
    </datafield>
    <datafield tag="035" ind1=" " ind2=" ">
      <subfield code="a">(NjP)7196948-princetondb</subfield>
    </datafield>
    <datafield tag="040" ind1=" " ind2=" ">
      <subfield code="a">UKMGB</subfield>
      <subfield code="b">eng</subfield>
      <subfield code="c">UKMGB</subfield>
      <subfield code="d">CDX</subfield>
      <subfield code="d">OCLCO</subfield>
      <subfield code="d">YDXCP</subfield>
      <subfield code="d">NTAUP</subfield>
      <subfield code="d">OCLCO</subfield>
      <subfield code="d">SINLB</subfield>
      <subfield code="d">NjP</subfield>
    </datafield>
    <datafield tag="020" ind1=" " ind2=" ">
      <subfield code="a">9780224096478 (hbk.)</subfield>
    </datafield>
    <datafield tag="020" ind1=" " ind2=" ">
      <subfield code="a">0224096478 (hbk.)</subfield>
    </datafield>
    <datafield tag="020" ind1=" " ind2=" ">
      <subfield code="a">9781446496909 (ebook)</subfield>
    </datafield>
    <datafield tag="020" ind1=" " ind2=" ">
      <subfield code="a">1446496902 (ebook)</subfield>
    </datafield>
    <datafield tag="050" ind1=" " ind2="4">
      <subfield code="a">PR6119.T784</subfield>
      <subfield code="b">A7 2012</subfield>
    </datafield>
    <datafield tag="082" ind1="0" ind2="4">
      <subfield code="a">823.92</subfield>
      <subfield code="2">23</subfield>
    </datafield>
    <datafield tag="100" ind1="1" ind2=" ">
      <subfield code="a">Stretch, Joe,</subfield>
      <subfield code="d">1982-</subfield>
      <subfield code="0">http://id.loc.gov/authorities/names/nb2008012357</subfield>
    </datafield>
    <datafield tag="245" ind1="1" ind2="4">
      <subfield code="a">The adult /</subfield>
      <subfield code="c">by Joe Stretch.</subfield>
    </datafield>
    <datafield tag="260" ind1=" " ind2=" ">
      <subfield code="a">London :</subfield>
      <subfield code="b">Jonathan Cape,</subfield>
      <subfield code="c">2012.</subfield>
    </datafield>
    <datafield tag="300" ind1=" " ind2=" ">
      <subfield code="a">244 p. ;</subfield>
      <subfield code="c">23 cm.</subfield>
    </datafield>
    <datafield tag="650" ind1=" " ind2="0">
      <subfield code="a">Families</subfield>
      <subfield code="v">Fiction.</subfield>
      <subfield code="0">http://id.loc.gov/authorities/subjects/sh2008103507</subfield>
    </datafield>
    <datafield tag="651" ind1=" " ind2="0">
      <subfield code="a">England</subfield>
      <subfield code="x">Social life and customs</subfield>
      <subfield code="v">Fiction.</subfield>
      <subfield code="0">http://id.loc.gov/authorities/subjects/sh2008114943</subfield>
    </datafield>
    <datafield tag="655" ind1=" " ind2="7">
      <subfield code="a">Fiction.</subfield>
      <subfield code="2">lcgft</subfield>
      <subfield code="0">http://id.loc.gov/authorities/genreForms/gf2014026339</subfield>
    </datafield>
    <datafield tag="655" ind1=" " ind2="7">
      <subfield code="a">Fiction.</subfield>
      <subfield code="2">lcgft</subfield>
      <subfield code="0">http://id.loc.gov/authorities/genreForms/gf2014026339</subfield>
    </datafield>
    <datafield tag="852" ind1="0" ind2=" ">
      <subfield code="b">firestone</subfield>
      <subfield code="c">stacks</subfield>
      <subfield code="h">PR6119.T784</subfield>
      <subfield code="i">A7 2012</subfield>
      <subfield code="8">22711978620006421</subfield>
    </datafield>
  </record>