
  <record>
    <leader>01171dam a2200325 a 4500</leader>
    <controlfield tag="005">20200929151515.0</controlfield>
    <controlfield tag="008">120614t20122012quca          000 0afre d</controlfield>
    <controlfield tag="001">9972339713506421</controlfield>
    <datafield tag="035" ind1=" " ind2=" ">
      <subfield code="a">7233971</subfield>
    </datafield>
    <datafield tag="035" ind1=" " ind2=" ">
      <subfield code="a">(OCoLC)ocn818645609</subfield>
      <subfield code="z">(OCoLC)ocn828846769</subfield>
    </datafield>
    <datafield tag="035" ind1=" " ind2=" ">
      <subfield code="a">(NjP)7233971-princetondb</subfield>
    </datafield>
    <datafield tag="035" ind1=" " ind2=" ">
      <subfield code="z">(OCoLC)828846769</subfield>
    </datafield>
    <datafield tag="037" ind1=" " ind2=" ">
      <subfield code="b">Distribution HMH, 1815, av. De Lorimier, Montréal, QC H2K 3W6</subfield>
    </datafield>
    <datafield tag="040" ind1=" " ind2=" ">
      <subfield code="a">CGU</subfield>
      <subfield code="b">eng</subfield>
      <subfield code="e">rda</subfield>
      <subfield code="c">CGU</subfield>
    </datafield>
    <datafield tag="020" ind1=" " ind2=" ">
      <subfield code="a">9782897230005</subfield>
    </datafield>
    <datafield tag="020" ind1=" " ind2=" ">
      <subfield code="a">2897230002</subfield>
    </datafield>
    <datafield tag="041" ind1="0" ind2=" ">
      <subfield code="a">fre</subfield>
      <subfield code="a">eng</subfield>
    </datafield>
    <datafield tag="042" ind1=" " ind2=" ">
      <subfield code="a">pcc</subfield>
    </datafield>
    <datafield tag="043" ind1=" " ind2=" ">
      <subfield code="a">n-cn-qu</subfield>
    </datafield>
    <datafield tag="050" ind1=" " ind2="4">
      <subfield code="a">GV865.G23</subfield>
      <subfield code="b">A3 2012</subfield>
    </datafield>
    <datafield tag="019" ind1=" " ind2=" ">
      <subfield code="a">828846769</subfield>
    </datafield>
    <datafield tag="100" ind1="1" ind2=" ">
      <subfield code="a">Gagné, Eric,</subfield>
      <subfield code="d">1976-</subfield>
      <subfield code="0">http://id.loc.gov/authorities/names/n2004112819</subfield>
    </datafield>
    <datafield tag="245" ind1="1" ind2="0">
      <subfield code="a">Game over :</subfield>
      <subfield code="b">l'histoire d'Éric Gagné : biographie /</subfield>
      <subfield code="c">Martin Leclerc.</subfield>
    </datafield>
    <datafield tag="264" ind1=" " ind2="1">
      <subfield code="a">[Montréal] :</subfield>
      <subfield code="b">Hurtubise,</subfield>
      <subfield code="c">[2012].</subfield>
    </datafield>
    <datafield tag="264" ind1=" " ind2="4">
      <subfield code="c">©2012.</subfield>
    </datafield>
    <datafield tag="300" ind1=" " ind2=" ">
      <subfield code="a">324 pages :</subfield>
      <subfield code="b">illustrations (some color) ;</subfield>
      <subfield code="c">23 cm</subfield>
    </datafield>
    <datafield tag="600" ind1="1" ind2="0">
      <subfield code="a">Gagné, Eric,</subfield>
      <subfield code="d">1976-</subfield>
      <subfield code="0">http://id.loc.gov/authorities/names/n2004112819</subfield>
    </datafield>
    <datafield tag="650" ind1=" " ind2="0">
      <subfield code="a">Baseball players</subfield>
      <subfield code="z">Québec (Province)</subfield>
      <subfield code="v">Biography.</subfield>
    </datafield>
    <datafield tag="700" ind1="1" ind2=" ">
      <subfield code="a">Leclerc, Martin.</subfield>
      <subfield code="0">http://id.loc.gov/authorities/names/no2012148308</subfield>
    </datafield>
    <datafield tag="852" ind1="0" ind2=" ">
      <subfield code="b">firestone</subfield>
      <subfield code="c">stacks</subfield>
      <subfield code="h">GV865.G23</subfield>
      <subfield code="i">A3 2012</subfield>
      <subfield code="8">22746999690006421</subfield>
    </datafield>
  </record>