
  <record>
    <leader>02157dam a2200385 a 4500</leader>
    <controlfield tag="005">20200929151545.0</controlfield>
    <controlfield tag="008">110718s2012    xnaa          001 0 eng d</controlfield>
    <controlfield tag="001">9972342013506421</controlfield>
    <datafield tag="035" ind1=" " ind2=" ">
      <subfield code="a">(OCoLC)ocn741500450</subfield>
    </datafield>
    <datafield tag="035" ind1=" " ind2=" ">
      <subfield code="a">7234201</subfield>
    </datafield>
    <datafield tag="035" ind1=" " ind2=" ">
      <subfield code="a">(OCoLC)741500450</subfield>
    </datafield>
    <datafield tag="035" ind1=" " ind2=" ">
      <subfield code="a">(NjP)7234201-princetondb</subfield>
    </datafield>
    <datafield tag="040" ind1=" " ind2=" ">
      <subfield code="a">AU@</subfield>
      <subfield code="b">eng</subfield>
      <subfield code="c">AU@</subfield>
      <subfield code="d">SINIE</subfield>
      <subfield code="d">BTCTA</subfield>
      <subfield code="d">UKMGB</subfield>
      <subfield code="d">YDXCP</subfield>
      <subfield code="d">BWX</subfield>
      <subfield code="d">IUP</subfield>
      <subfield code="d">COO</subfield>
      <subfield code="d">MUU</subfield>
      <subfield code="d">CDX</subfield>
    </datafield>
    <datafield tag="020" ind1=" " ind2=" ">
      <subfield code="a">9781742233024 (pbk.)</subfield>
    </datafield>
    <datafield tag="020" ind1=" " ind2=" ">
      <subfield code="a">1742233023 (pbk.)</subfield>
    </datafield>
    <datafield tag="037" ind1=" " ind2=" ">
      <subfield code="b">UNSW Sydney NSW 2052</subfield>
    </datafield>
    <datafield tag="042" ind1=" " ind2=" ">
      <subfield code="a">anuc</subfield>
    </datafield>
    <datafield tag="043" ind1=" " ind2=" ">
      <subfield code="a">u-at---</subfield>
      <subfield code="a">a-si---</subfield>
    </datafield>
    <datafield tag="050" ind1="1" ind2="4">
      <subfield code="a">GV663.S56</subfield>
      <subfield code="b">B53 2012</subfield>
    </datafield>
    <datafield tag="100" ind1="1" ind2=" ">
      <subfield code="a">Blackburn, Kevin,</subfield>
      <subfield code="d">1965-</subfield>
      <subfield code="0">http://id.loc.gov/authorities/names/n2003039493</subfield>
    </datafield>
    <datafield tag="245" ind1="1" ind2="4">
      <subfield code="a">The sportsmen of Changi /</subfield>
      <subfield code="c">Kevin Blackburn.</subfield>
    </datafield>
    <datafield tag="260" ind1=" " ind2=" ">
      <subfield code="a">Sydney :</subfield>
      <subfield code="b">University of New South Wales Press,</subfield>
      <subfield code="c">2012.</subfield>
    </datafield>
    <datafield tag="300" ind1=" " ind2=" ">
      <subfield code="a">viii, 296 p., [16] p. of plates :</subfield>
      <subfield code="b">ill., ports. ;</subfield>
      <subfield code="c">24 cm.</subfield>
    </datafield>
    <datafield tag="500" ind1=" " ind2=" ">
      <subfield code="a">Includes index.</subfield>
    </datafield>
    <datafield tag="520" ind1=" " ind2=" ">
      <subfield code="a">The Sportsmen of Changi tells the story everyone forgot - of how sport became a lifeline for POWs after the fall of Singapore, when 50 000 Australian and British soldiers became prisoners of the Japanese. Inspiring and absorbing, it shows that in unimaginable conditions people will do all they can to hold onto what makes them human.</subfield>
    </datafield>
    <datafield tag="530" ind1=" " ind2=" ">
      <subfield code="a">Also issued in various ebook formats.</subfield>
    </datafield>
    <datafield tag="504" ind1=" " ind2=" ">
      <subfield code="a">Includes bibliographical references (p. 270-282) and index.</subfield>
    </datafield>
    <datafield tag="505" ind1="0" ind2=" ">
      <subfield code="a">Leaving home. An army of athletes ; The sports war of 1941. -- Battle. The battle of Malaya ; Singapore falls. -- Captivity. Changi POW camp and its cricket 'Tests' ; Changi's football season ; Changi guards versus prisoners games ; Sports and captivity in the worst camps. -- Home again. Resuming sporting careers.</subfield>
    </datafield>
    <datafield tag="610" ind1="2" ind2="0">
      <subfield code="a">Changi POW Camp (Changi, Singapore)</subfield>
      <subfield code="0">http://id.loc.gov/authorities/names/nr2002035306</subfield>
    </datafield>
    <datafield tag="650" ind1=" " ind2="0">
      <subfield code="a">Prisoners of war</subfield>
      <subfield code="x">Sports</subfield>
      <subfield code="z">Singapore</subfield>
      <subfield code="z">Changi.</subfield>
    </datafield>
    <datafield tag="650" ind1=" " ind2="0">
      <subfield code="a">Prisoners of war</subfield>
      <subfield code="x">Recreation</subfield>
      <subfield code="z">Singapore</subfield>
      <subfield code="z">Changi.</subfield>
    </datafield>
    <datafield tag="650" ind1=" " ind2="0">
      <subfield code="a">Sports</subfield>
      <subfield code="z">Singapore</subfield>
      <subfield code="z">Changi.</subfield>
    </datafield>
    <datafield tag="650" ind1=" " ind2="0">
      <subfield code="a">World War, 1939-1945</subfield>
      <subfield code="z">Singapore</subfield>
      <subfield code="z">Changi</subfield>
      <subfield code="x">Prisoners and prisons, Japanese.</subfield>
    </datafield>
    <datafield tag="650" ind1=" " ind2="0">
      <subfield code="a">World War, 1939-1945</subfield>
      <subfield code="x">Social aspects</subfield>
      <subfield code="z">Singapore</subfield>
      <subfield code="z">Changi.</subfield>
    </datafield>
    <datafield tag="852" ind1="0" ind2=" ">
      <subfield code="b">firestone</subfield>
      <subfield code="c">stacks</subfield>
      <subfield code="h">GV663.S56</subfield>
      <subfield code="i">B53 2012</subfield>
      <subfield code="8">22603470390006421</subfield>
    </datafield>
  </record>