
  <record>
    <leader>01366dam a2200337 a 4500</leader>
    <controlfield tag="005">20200929152454.0</controlfield>
    <controlfield tag="008">120319s2012    onca     b    000 j eng c</controlfield>
    <controlfield tag="001">9972411283506421</controlfield>
    <datafield tag="035" ind1=" " ind2=" ">
      <subfield code="a">(OCoLC)ocn781535881</subfield>
    </datafield>
    <datafield tag="035" ind1=" " ind2=" ">
      <subfield code="a">7241128</subfield>
    </datafield>
    <datafield tag="035" ind1=" " ind2=" ">
      <subfield code="a">(OCoLC)781535881</subfield>
    </datafield>
    <datafield tag="035" ind1=" " ind2=" ">
      <subfield code="a">(NjP)7241128-princetondb</subfield>
    </datafield>
    <datafield tag="040" ind1=" " ind2=" ">
      <subfield code="a">NLC</subfield>
      <subfield code="b">eng</subfield>
      <subfield code="c">NLC</subfield>
      <subfield code="d">BTCTA</subfield>
      <subfield code="d">OCLCQ</subfield>
      <subfield code="d">YDXCP</subfield>
      <subfield code="d">BDX</subfield>
      <subfield code="d">YBM</subfield>
      <subfield code="d">OCLCO</subfield>
      <subfield code="d">BWX</subfield>
      <subfield code="d">JAI</subfield>
      <subfield code="d">LEB</subfield>
      <subfield code="d">LF3</subfield>
      <subfield code="d">CDX</subfield>
      <subfield code="d">IQU</subfield>
    </datafield>
    <datafield tag="020" ind1=" " ind2=" ">
      <subfield code="a">9781926845500 (pbk.)</subfield>
    </datafield>
    <datafield tag="020" ind1=" " ind2=" ">
      <subfield code="a">1926845501 (pbk.)</subfield>
    </datafield>
    <datafield tag="042" ind1=" " ind2=" ">
      <subfield code="a">pcc</subfield>
    </datafield>
    <datafield tag="050" ind1=" " ind2="4">
      <subfield code="a">PR9199.4.B694</subfield>
      <subfield code="b">P79 2012</subfield>
    </datafield>
    <datafield tag="082" ind1="0" ind2="4">
      <subfield code="a">C813/.6</subfield>
      <subfield code="2">23</subfield>
    </datafield>
    <datafield tag="082" ind1="0" ind2="4">
      <subfield code="a">813/.6</subfield>
      <subfield code="2">23</subfield>
    </datafield>
    <datafield tag="049" ind1=" " ind2=" ">
      <subfield code="a">PULL</subfield>
    </datafield>
    <datafield tag="100" ind1="1" ind2=" ">
      <subfield code="a">Boyko, Craig.</subfield>
      <subfield code="0">http://id.loc.gov/authorities/names/no2008092201</subfield>
    </datafield>
    <datafield tag="245" ind1="1" ind2="0">
      <subfield code="a">Psychology and other stories /</subfield>
      <subfield code="c">C.P. Boyko.</subfield>
    </datafield>
    <datafield tag="250" ind1=" " ind2=" ">
      <subfield code="a">1st ed.</subfield>
    </datafield>
    <datafield tag="260" ind1=" " ind2=" ">
      <subfield code="a">[Emeryville, Ont.] :</subfield>
      <subfield code="b">Biblioasis,</subfield>
      <subfield code="c">c2012.</subfield>
    </datafield>
    <datafield tag="300" ind1=" " ind2=" ">
      <subfield code="a">303 p. :</subfield>
      <subfield code="b">ill. ;</subfield>
      <subfield code="c">22 cm.</subfield>
    </datafield>
    <datafield tag="505" ind1="0" ind2="0">
      <subfield code="t">Reaction-formation --</subfield>
      <subfield code="t">Eat the rich and shit the poor --</subfield>
      <subfield code="t">Paddling an iceberg --</subfield>
      <subfield code="t">Signal to noise --</subfield>
      <subfield code="t">The inner life --</subfield>
      <subfield code="t">The blood-brain barrier.</subfield>
    </datafield>
    <datafield tag="504" ind1=" " ind2=" ">
      <subfield code="a">Includes bibliographical references.</subfield>
    </datafield>
    <datafield tag="520" ind1=" " ind2=" ">
      <subfield code="a">Like a little Freud in your fiction? C.P. Boyko's new collection is a dream come true. Perversely funny new work.</subfield>
    </datafield>
    <datafield tag="650" ind1=" " ind2="0">
      <subfield code="a">Short stories, Canadian</subfield>
      <subfield code="y">21st century.</subfield>
    </datafield>
    <datafield tag="655" ind1=" " ind2="7">
      <subfield code="a">Short stories.</subfield>
      <subfield code="2">lcgft</subfield>
      <subfield code="0">http://id.loc.gov/authorities/genreForms/gf2014026542</subfield>
    </datafield>
    <datafield tag="852" ind1="0" ind2=" ">
      <subfield code="b">firestone</subfield>
      <subfield code="c">stacks</subfield>
      <subfield code="h">PR9199.4.B694</subfield>
      <subfield code="i">P79 2012</subfield>
      <subfield code="8">22533406770006421</subfield>
    </datafield>
  </record>