
  <record>
    <leader>03143dam a2200361 a 4500</leader>
    <controlfield tag="005">20200929153843.0</controlfield>
    <controlfield tag="008">120214s2012    inua     b    000 0deng d</controlfield>
    <controlfield tag="001">9972568173506421</controlfield>
    <datafield tag="035" ind1=" " ind2=" ">
      <subfield code="a">(OCoLC)ocn777628417</subfield>
    </datafield>
    <datafield tag="035" ind1=" " ind2=" ">
      <subfield code="a">7256817</subfield>
    </datafield>
    <datafield tag="035" ind1=" " ind2=" ">
      <subfield code="a">(OCoLC)777628417</subfield>
    </datafield>
    <datafield tag="035" ind1=" " ind2=" ">
      <subfield code="a">(NjP)7256817-princetondb</subfield>
    </datafield>
    <datafield tag="040" ind1=" " ind2=" ">
      <subfield code="a">BTCTA</subfield>
      <subfield code="b">eng</subfield>
      <subfield code="c">BTCTA</subfield>
      <subfield code="d">IPL</subfield>
      <subfield code="d">YDXCP</subfield>
      <subfield code="d">CDX</subfield>
      <subfield code="d">NjP</subfield>
    </datafield>
    <datafield tag="020" ind1=" " ind2=" ">
      <subfield code="a">9781557536297 (pbk.)</subfield>
    </datafield>
    <datafield tag="020" ind1=" " ind2=" ">
      <subfield code="a">1557536295 (pbk.)</subfield>
    </datafield>
    <datafield tag="050" ind1=" " ind2="4">
      <subfield code="a">GV709.6</subfield>
      <subfield code="b">.J46 2012</subfield>
    </datafield>
    <datafield tag="082" ind1=" " ind2="4">
      <subfield code="a">796.089924</subfield>
    </datafield>
    <datafield tag="245" ind1="0" ind2="0">
      <subfield code="a">Jews in the gym :</subfield>
      <subfield code="b">Judaism, sports, and athletics /</subfield>
      <subfield code="c">editor, Leonard J. Greenspoon.</subfield>
    </datafield>
    <datafield tag="246" ind1="3" ind2="0">
      <subfield code="a">Judaism, sports, and athletics</subfield>
    </datafield>
    <datafield tag="260" ind1=" " ind2=" ">
      <subfield code="a">West Lafayette, Indiana :</subfield>
      <subfield code="b">Purdue University Press,</subfield>
      <subfield code="c">c2012.</subfield>
    </datafield>
    <datafield tag="300" ind1=" " ind2=" ">
      <subfield code="a">xvi, 289 p. :</subfield>
      <subfield code="b">ill. ;</subfield>
      <subfield code="c">23 cm.</subfield>
    </datafield>
    <datafield tag="490" ind1="1" ind2=" ">
      <subfield code="a">Studies in Jewish civilization,</subfield>
      <subfield code="x">1070-8510 ;</subfield>
      <subfield code="v">v.23</subfield>
    </datafield>
    <datafield tag="500" ind1=" " ind2=" ">
      <subfield code="a">"Proceedings of the twenty-third annual symposium of the Klutznick Chair in Jewish Civilization - Harris Center for Judaic Studies, October 24-25, 2010" -- P. [i].</subfield>
    </datafield>
    <datafield tag="504" ind1=" " ind2=" ">
      <subfield code="a">Includes bibliographical references.</subfield>
    </datafield>
    <datafield tag="505" ind1="0" ind2=" ">
      <subfield code="a">Playing Roman in Jerusalem : Jewish attitudes toward sport and spectacle during the Second Temple period / Loren R. Spielman -- Sports and the graphic novel from diaspora to diaspora : James Strum's The Golem's mighty swing and JT Waldman's Megillat Esther in the tree of contexts / Ori Z. Soltes -- The Jew in the gym : Judaism, sports and athletics of film / Nathan Abrams -- Is life a game? : athletic competition as a metaphor for the meaning of life / Steven J. Riekes -- The Jewish athlete of faith : on the limits of sport / Danny Rosenburg -- Antisemitism and sport in Central Europe and the United States c. 1870-1932 / Steven A. Riess -- Cutting the way into the nation : Hungarian Jewish Olympians in the interwar era / Mihály Kálmán -- Grappling with ghosts : Jewish wrestlers and antisemitism / William Kornblum, Erin Sodmiak, and Phil Oberlander -- Spotting a nation : the origins of athleticism in modern Israel / Nina Spiegel -- Gyms and the academy : professional and personal reflections on stepping up to the scholarly plate / Jeffrey S. Gurock -- Jewish women in the American gym : basketball, ethnicity, and gender in the early twentieth century / Linda J. Borish -- From Benny Leonard to Abi Olajuwon : Jews, Muslims, Evangelicals, and the evolving religious challenges of being an American athlete / Ori Z. Soltes -- Buster Haywood and the Jews of Black baseball / Rebecca T. Alpert -- A global game : Omri Casspi and the future of Jewish ballers / David J. Leonard.</subfield>
    </datafield>
    <datafield tag="650" ind1=" " ind2="0">
      <subfield code="a">Jews</subfield>
      <subfield code="x">Sports</subfield>
      <subfield code="x">History.</subfield>
    </datafield>
    <datafield tag="650" ind1=" " ind2="0">
      <subfield code="a">Jewish athletes</subfield>
      <subfield code="x">History.</subfield>
    </datafield>
    <datafield tag="700" ind1="1" ind2=" ">
      <subfield code="a">Greenspoon, Leonard J.</subfield>
      <subfield code="q">(Leonard Jay)</subfield>
      <subfield code="0">http://id.loc.gov/authorities/names/n83006888</subfield>
    </datafield>
    <datafield tag="710" ind1="2" ind2=" ">
      <subfield code="a">Philip M. and Ethel Klutznick Chair in Jewish Civilization.</subfield>
      <subfield code="0">http://id.loc.gov/authorities/names/n91028120</subfield>
    </datafield>
    <datafield tag="710" ind1="2" ind2=" ">
      <subfield code="a">University of Nebraska--Lincoln.</subfield>
      <subfield code="b">Harris Center for Judaic Studies.</subfield>
      <subfield code="0">http://id.loc.gov/authorities/names/n2003028491</subfield>
    </datafield>
    <datafield tag="711" ind1="2" ind2=" ">
      <subfield code="a">Klutznick-Harris Symposium</subfield>
      <subfield code="n">(23rd :</subfield>
      <subfield code="d">2010 :</subfield>
      <subfield code="c">Omaha, Neb.)</subfield>
    </datafield>
    <datafield tag="830" ind1=" " ind2="0">
      <subfield code="a">Studies in Jewish civilization ;</subfield>
      <subfield code="v">v. 23.</subfield>
    </datafield>
    <datafield tag="852" ind1="0" ind2=" ">
      <subfield code="b">firestone</subfield>
      <subfield code="c">stacks</subfield>
      <subfield code="h">GV709.6</subfield>
      <subfield code="i">.J46 2012</subfield>
      <subfield code="8">22537067490006421</subfield>
    </datafield>
  </record>