
  <record>
    <leader>01196dam a2200349 a 4500</leader>
    <controlfield tag="005">20200929153854.0</controlfield>
    <controlfield tag="008">120523s2012    onca          000 0 eng  </controlfield>
    <controlfield tag="001">9972568973506421</controlfield>
    <datafield tag="035" ind1=" " ind2=" ">
      <subfield code="a">(OCoLC)ocn783156284</subfield>
    </datafield>
    <datafield tag="035" ind1=" " ind2=" ">
      <subfield code="a">7256897</subfield>
    </datafield>
    <datafield tag="035" ind1=" " ind2=" ">
      <subfield code="a">(OCoLC)783156284</subfield>
    </datafield>
    <datafield tag="035" ind1=" " ind2=" ">
      <subfield code="a">(NjP)7256897-princetondb</subfield>
    </datafield>
    <datafield tag="040" ind1=" " ind2=" ">
      <subfield code="a">NLC</subfield>
      <subfield code="b">eng</subfield>
      <subfield code="c">NLC</subfield>
      <subfield code="d">BTCTA</subfield>
      <subfield code="d">BDX</subfield>
      <subfield code="d">VP@</subfield>
      <subfield code="d">TOH</subfield>
      <subfield code="d">OCLCO</subfield>
      <subfield code="d">CDX</subfield>
    </datafield>
    <datafield tag="016" ind1=" " ind2=" ">
      <subfield code="a">20129027537</subfield>
    </datafield>
    <datafield tag="020" ind1=" " ind2=" ">
      <subfield code="a">9781770411180</subfield>
    </datafield>
    <datafield tag="020" ind1=" " ind2=" ">
      <subfield code="a">1770411186</subfield>
    </datafield>
    <datafield tag="043" ind1=" " ind2=" ">
      <subfield code="a">n-cn---</subfield>
      <subfield code="a">e-ur---</subfield>
    </datafield>
    <datafield tag="050" ind1=" " ind2="4">
      <subfield code="a">GV847.7</subfield>
      <subfield code="b">.B53 2012</subfield>
    </datafield>
    <datafield tag="055" ind1=" " ind2="0">
      <subfield code="a">GV847.7</subfield>
      <subfield code="b">B53 2012</subfield>
    </datafield>
    <datafield tag="055" ind1="0" ind2="0">
      <subfield code="a">GV847 .7</subfield>
      <subfield code="b">B53 2012</subfield>
    </datafield>
    <datafield tag="082" ind1="0" ind2="4">
      <subfield code="a">796.962/66</subfield>
      <subfield code="2">23</subfield>
    </datafield>
    <datafield tag="049" ind1=" " ind2=" ">
      <subfield code="a">PULL</subfield>
    </datafield>
    <datafield tag="100" ind1="1" ind2=" ">
      <subfield code="a">Bidini, Dave.</subfield>
      <subfield code="0">http://id.loc.gov/authorities/names/n2001108598</subfield>
    </datafield>
    <datafield tag="245" ind1="1" ind2="2">
      <subfield code="a">A wild stab for it :</subfield>
      <subfield code="b">this is game eight from Russia /</subfield>
      <subfield code="c">Dave Bidini ; with photos by Brian Pickell.</subfield>
    </datafield>
    <datafield tag="260" ind1=" " ind2=" ">
      <subfield code="a">Toronto :</subfield>
      <subfield code="b">ECW Press,</subfield>
      <subfield code="c">c2012.</subfield>
    </datafield>
    <datafield tag="300" ind1=" " ind2=" ">
      <subfield code="a">111 p. :</subfield>
      <subfield code="b">col. ill. ;</subfield>
      <subfield code="c">19 cm.</subfield>
    </datafield>
    <datafield tag="530" ind1=" " ind2=" ">
      <subfield code="a">Also issued in electronic format.</subfield>
    </datafield>
    <datafield tag="650" ind1=" " ind2="0">
      <subfield code="a">Hockey</subfield>
      <subfield code="z">Canada</subfield>
      <subfield code="x">History.</subfield>
    </datafield>
    <datafield tag="650" ind1=" " ind2="0">
      <subfield code="a">Hockey</subfield>
      <subfield code="x">Tournaments</subfield>
      <subfield code="z">Canada.</subfield>
    </datafield>
    <datafield tag="650" ind1=" " ind2="0">
      <subfield code="a">Hockey</subfield>
      <subfield code="x">Tournaments</subfield>
      <subfield code="z">Soviet Union.</subfield>
    </datafield>
    <datafield tag="700" ind1="1" ind2=" ">
      <subfield code="a">Pickell, Brian.</subfield>
      <subfield code="0">http://id.loc.gov/authorities/names/nr88006920</subfield>
    </datafield>
    <datafield tag="852" ind1="0" ind2=" ">
      <subfield code="b">firestone</subfield>
      <subfield code="c">stacks</subfield>
      <subfield code="h">GV847.7</subfield>
      <subfield code="i">.B53 2012</subfield>
      <subfield code="8">22536981320006421</subfield>
    </datafield>
  </record>