
  <record>
    <leader>05770dam a2200325Ia 4500</leader>
    <controlfield tag="005">20200929155343.0</controlfield>
    <controlfield tag="008">120213s2012    wvuab    b    001 0 eng d</controlfield>
    <controlfield tag="001">9972726363506421</controlfield>
    <datafield tag="035" ind1=" " ind2=" ">
      <subfield code="a">(OCoLC)ocn776499551</subfield>
    </datafield>
    <datafield tag="035" ind1=" " ind2=" ">
      <subfield code="a">7272636</subfield>
    </datafield>
    <datafield tag="035" ind1=" " ind2=" ">
      <subfield code="a">(OCoLC)776499551</subfield>
    </datafield>
    <datafield tag="035" ind1=" " ind2=" ">
      <subfield code="a">(NjP)7272636-princetondb</subfield>
    </datafield>
    <datafield tag="040" ind1=" " ind2=" ">
      <subfield code="a">YDXCP</subfield>
      <subfield code="b">eng</subfield>
      <subfield code="c">YDXCP</subfield>
      <subfield code="d">CFI</subfield>
      <subfield code="d">GZU</subfield>
      <subfield code="d">CDX</subfield>
      <subfield code="d">OCLCO</subfield>
      <subfield code="d">IUL</subfield>
      <subfield code="d">OCLCQ</subfield>
    </datafield>
    <datafield tag="020" ind1=" " ind2=" ">
      <subfield code="a">1935412256</subfield>
    </datafield>
    <datafield tag="020" ind1=" " ind2=" ">
      <subfield code="a">9781935412250</subfield>
    </datafield>
    <datafield tag="050" ind1=" " ind2="4">
      <subfield code="a">GV716</subfield>
      <subfield code="b">.S76 2012</subfield>
    </datafield>
    <datafield tag="049" ind1=" " ind2=" ">
      <subfield code="a">PULL</subfield>
    </datafield>
    <datafield tag="245" ind1="0" ind2="0">
      <subfield code="a">Sports entrepreneurship :</subfield>
      <subfield code="b">theory and practice /</subfield>
      <subfield code="c">Dorene Ciletti and Simon Chadwick, editors.</subfield>
    </datafield>
    <datafield tag="260" ind1=" " ind2=" ">
      <subfield code="a">Morgantown, WV :</subfield>
      <subfield code="b">Fitness Information Technology,</subfield>
      <subfield code="c">c2012.</subfield>
    </datafield>
    <datafield tag="300" ind1=" " ind2=" ">
      <subfield code="a">xiii, 207 p. :</subfield>
      <subfield code="b">ill., map ;</subfield>
      <subfield code="c">26 cm.</subfield>
    </datafield>
    <datafield tag="504" ind1=" " ind2=" ">
      <subfield code="a">Includes bibliographical references and index.</subfield>
    </datafield>
    <datafield tag="505" ind1="0" ind2="0">
      <subfield code="g">1.</subfield>
      <subfield code="t">Sports entrepreneurship: a theoretical approach /</subfield>
      <subfield code="r">Dorene Ciletti --</subfield>
      <subfield code="g">2.</subfield>
      <subfield code="t">Building an entrepreneurial sports empire: the case of Red Bull /</subfield>
      <subfield code="r">Nicholas Burton, Simon Chadwick, and Samantha Gorse --</subfield>
      <subfield code="g">3.</subfield>
      <subfield code="t">Doing good while doing well in sports: sports entrepreneurs and social impact /</subfield>
      <subfield code="r">Kenneth L. Shropshire --</subfield>
      <subfield code="g">4.</subfield>
      <subfield code="t">Sports entrepreneurship: the case of the Indian Premier League /</subfield>
      <subfield code="r">David Hoyt ad George Foster --</subfield>
      <subfield code="g">5.</subfield>
      <subfield code="t">Get fit with the Grizzlies: application of entrepreneurship in sport sponsorship /</subfield>
      <subfield code="r">Richard L. Irwin, Carol Irwin, and Joris Drayer --</subfield>
      <subfield code="g">6.</subfield>
      <subfield code="t">Entrepreneurial market leaders: Australian football league expansion through new team development /</subfield>
      <subfield code="r">Heath McDonald and Constantino Stavros --</subfield>
      <subfield code="g">7.</subfield>
      <subfield code="t">Bridge, gate keeper, negotiator: the sports agent as entrepreneur /</subfield>
      <subfield code="r">Anna Semens --</subfield>
      <subfield code="g">8.</subfield>
      <subfield code="t">Entrepreneurship in sports broadcasting /</subfield>
      <subfield code="r">Rodoula H. Tsoitsou --</subfield>
      <subfield code="g">9.</subfield>
      <subfield code="t">The College Sport Research Institute: where theory and practice lead to action /</subfield>
      <subfield code="r">Richard M. Southall, Mark S. Nagel, and Deborah J. Southall --</subfield>
      <subfield code="g">10.</subfield>
      <subfield code="t">Entrepreneurial price lining strategy in sports /</subfield>
      <subfield code="r">Conway Lackman, Dorene Ciletti, John Lanasa, and Maryellen Kelly --</subfield>
      <subfield code="g">11.</subfield>
      <subfield code="t">Entrepreneurs, organizations, and sport marketplace: subjects in search of historians /</subfield>
      <subfield code="r">Stephen Hardy --</subfield>
      <subfield code="g">12/</subfield>
      <subfield code="t">NWCA entrepreneurial model: a proactive approach to program eliminations /</subfield>
      <subfield code="r">Coyte Cooper --</subfield>
      <subfield code="g">13.</subfield>
      <subfield code="t">Tennis player longevity at the top of the ATP and WTA world rankings /</subfield>
      <subfield code="r">Carlos Pestana Barros and Mário Teixeira.</subfield>
    </datafield>
    <datafield tag="520" ind1=" " ind2=" ">
      <subfield code="a">Sport is inherently entrepreneurial, though few formal connections exist in academic literature. Sports Entrepreneurship: Theory and Practice fills that void, featuring chapters by notable scholars whose contributions cover both the conceptual and case examples highlighting sports entrepreneurship from a global perspective. Editors Dorene Ciletti and Simon Chadwick have assembled a collection that provides insight into the integration of entrepreneurship and sport, building on often-distinct research from both fields, and exploring the innovation, risk-taking, and proactiveness that connect them. The 13 chapters examine the entrepreneurial nature of sport from numerous perspectives, including marketing, broadcasting, sponsorship, and social entrepreneurship and feature examples of organizations, associations, and sport-related products from the US, Australia, Europe, and India. --Book Jacket.</subfield>
    </datafield>
    <datafield tag="545" ind1=" " ind2=" ">
      <subfield code="a">Dorene Ciletti is an assistant professor in the marketing and sports marketing division in the Palumbo Donahue School of Business at Duquesne University. Her research and teaching interests include sport marketing, marketing fundamentals, and sales. She is particularly interested in sustainability and its integration in sport and in marketing. Her work has covered a range of subjects including the Pittsburgh Steelers, league sustainability communication, the secondary ticket market, communication in selling, and marketing strategies for career development. Ciletti, who earned a PhD and MBA, coordinates student sales competitions for Duquesne, and serves as faculty sponsor for the Pi Sigma Epsilon professional sales and marketing fraternity on campus. Ciletti s work has appeared in various sports and marketing journals, such as the International Journal of Sport Communication, Journal of Applied Marketing Theory, and the Journal for the Study of Sports and Athletes in Education, and her textbook, Marketing Yourself, was a first for the high school market, combining marketing theory and practice with business market knowledge and career development. --Book.</subfield>
    </datafield>
    <datafield tag="545" ind1=" " ind2=" ">
      <subfield code="a">Simon Chadwick is a professor and chair in Sport Business Strategy and Marketing at Coventry University Business School, where he is also the founder and Director of the Centre for the International Business of Sport (CIBS). Chadwick s research and teaching interests lie in the areas of sponsorship, sport marketing, and commercial strategy in sport, which means that his work covers a diverse range of subjects including football, motor racing, rugby, athlete endorsements, sports branding, fan behavior, the Olympic Games, the Indian Premier League, and Grand Slam tennis tournaments. Chadwick, who previously worked at the University of London and the University of Leeds, is the editor of Sport, Business and Management: An International Journal, is a former editor of the International Journal of Sports Marketing and Sponsorship (he continues to serve as an editorial board member for several other sport journals), and has authored and published more than 500 articles, conference papers, and books on sport. --Book.</subfield>
    </datafield>
    <datafield tag="650" ind1=" " ind2="0">
      <subfield code="a">Sports</subfield>
      <subfield code="x">Economic aspects.</subfield>
      <subfield code="0">http://id.loc.gov/authorities/subjects/sh85126892</subfield>
    </datafield>
    <datafield tag="650" ind1=" " ind2="0">
      <subfield code="a">Entrepreneurship.</subfield>
      <subfield code="0">http://id.loc.gov/authorities/subjects/sh85044149</subfield>
    </datafield>
    <datafield tag="700" ind1="1" ind2=" ">
      <subfield code="a">Ciletti, Dorene.</subfield>
      <subfield code="0">http://id.loc.gov/authorities/names/no2013006426</subfield>
    </datafield>
    <datafield tag="700" ind1="1" ind2=" ">
      <subfield code="a">Chadwick, Simon,</subfield>
      <subfield code="d">1964-</subfield>
      <subfield code="0">http://id.loc.gov/authorities/names/nb2005004004</subfield>
    </datafield>
    <datafield tag="852" ind1="0" ind2=" ">
      <subfield code="b">firestone</subfield>
      <subfield code="c">stacks</subfield>
      <subfield code="h">GV716</subfield>
      <subfield code="i">.S76 2012</subfield>
      <subfield code="8">22708418730006421</subfield>
    </datafield>
  </record>