
  <record>
    <leader>01911cam a2200373Ia 4500</leader>
    <controlfield tag="005">20200929155851.0</controlfield>
    <controlfield tag="008">111130s2012    mouac    b    001 0beng d</controlfield>
    <controlfield tag="001">9972770863506421</controlfield>
    <datafield tag="035" ind1=" " ind2=" ">
      <subfield code="a">(OCoLC)ocn767565932</subfield>
    </datafield>
    <datafield tag="035" ind1=" " ind2=" ">
      <subfield code="a">7277086</subfield>
    </datafield>
    <datafield tag="035" ind1=" " ind2=" ">
      <subfield code="a">(OCoLC)767565932</subfield>
    </datafield>
    <datafield tag="035" ind1=" " ind2=" ">
      <subfield code="a">(NjP)7277086-princetondb</subfield>
    </datafield>
    <datafield tag="040" ind1=" " ind2=" ">
      <subfield code="a">BTCTA</subfield>
      <subfield code="b">eng</subfield>
      <subfield code="c">BTCTA</subfield>
      <subfield code="d">BDX</subfield>
      <subfield code="d">XII</subfield>
      <subfield code="d">YDXCP</subfield>
      <subfield code="d">BWX</subfield>
      <subfield code="d">CDX</subfield>
      <subfield code="d">CO2</subfield>
      <subfield code="d">DEBSZ</subfield>
      <subfield code="d">SAP</subfield>
      <subfield code="d">CGP</subfield>
      <subfield code="d">NjP</subfield>
    </datafield>
    <datafield tag="020" ind1=" " ind2=" ">
      <subfield code="a">9780826219794</subfield>
    </datafield>
    <datafield tag="020" ind1=" " ind2=" ">
      <subfield code="a">0826219799</subfield>
    </datafield>
    <datafield tag="043" ind1=" " ind2=" ">
      <subfield code="a">n-us---</subfield>
    </datafield>
    <datafield tag="050" ind1=" " ind2="4">
      <subfield code="a">GV742.42.M87</subfield>
      <subfield code="b">G45 2012</subfield>
    </datafield>
    <datafield tag="082" ind1="0" ind2="4">
      <subfield code="a">070.449796092</subfield>
      <subfield code="a">B</subfield>
      <subfield code="2">23</subfield>
    </datafield>
    <datafield tag="049" ind1=" " ind2=" ">
      <subfield code="a">PULL</subfield>
    </datafield>
    <datafield tag="100" ind1="1" ind2=" ">
      <subfield code="a">Geltner, Ted.</subfield>
      <subfield code="0">http://id.loc.gov/authorities/names/no2012082503</subfield>
    </datafield>
    <datafield tag="245" ind1="1" ind2="0">
      <subfield code="a">Last king of the sports page :</subfield>
      <subfield code="b">the life and career of Jim Murray /</subfield>
      <subfield code="c">Ted Geltner.</subfield>
    </datafield>
    <datafield tag="246" ind1="3" ind2="0">
      <subfield code="a">Life and career of Jim Murray</subfield>
    </datafield>
    <datafield tag="246" ind1="3" ind2="0">
      <subfield code="a">Jim Murray</subfield>
    </datafield>
    <datafield tag="260" ind1=" " ind2=" ">
      <subfield code="a">Columbia, Mo. ;</subfield>
      <subfield code="a">London :</subfield>
      <subfield code="b">University of Missouri Press,</subfield>
      <subfield code="c">c2012.</subfield>
    </datafield>
    <datafield tag="300" ind1=" " ind2=" ">
      <subfield code="a">x, 272 p. :</subfield>
      <subfield code="b">ill., ports. ;</subfield>
      <subfield code="c">25 cm.</subfield>
    </datafield>
    <datafield tag="490" ind1="1" ind2=" ">
      <subfield code="a">Sports and American culture series</subfield>
    </datafield>
    <datafield tag="504" ind1=" " ind2=" ">
      <subfield code="a">Includes bibliographical references (p. 255-260) and index.</subfield>
    </datafield>
    <datafield tag="505" ind1="0" ind2=" ">
      <subfield code="a">The Connecticut years, 1919-1943 -- The Los Angeles Examiner years, 1944-1947 -- The Time years, 1948-1953 -- The Sports Illustrated years, 1953-1960 -- The Los Angeles Times years, 1961-1962 -- A national presence, 1963-1969 -- The 1970s : top of the heap -- The 1980s : brave new world -- The 1990s : literary lion of sports.</subfield>
    </datafield>
    <datafield tag="600" ind1="1" ind2="0">
      <subfield code="a">Murray, Jim,</subfield>
      <subfield code="d">1919-1998.</subfield>
      <subfield code="0">http://id.loc.gov/authorities/names/n92082337</subfield>
    </datafield>
    <datafield tag="650" ind1=" " ind2="0">
      <subfield code="a">Journalists</subfield>
      <subfield code="z">United States</subfield>
      <subfield code="v">Biography.</subfield>
      <subfield code="0">http://id.loc.gov/authorities/subjects/sh2008106101</subfield>
    </datafield>
    <datafield tag="650" ind1=" " ind2="0">
      <subfield code="a">Sportswriters</subfield>
      <subfield code="z">United States</subfield>
      <subfield code="v">Biography.</subfield>
      <subfield code="0">http://id.loc.gov/authorities/subjects/sh2008112211</subfield>
    </datafield>
    <datafield tag="830" ind1=" " ind2="0">
      <subfield code="a">Sports and American culture series</subfield>
    </datafield>
    <datafield tag="856" ind1="4" ind2=" ">
      <subfield code="m">DE-576;DE-15</subfield>
      <subfield code="q">application/pdf</subfield>
      <subfield code="u">http://swbplus.bsz-bw.de/bsz369900693inh.htm</subfield>
      <subfield code="v">20120817093125</subfield>
      <subfield code="3">Inhaltsverzeichnis</subfield>
    </datafield>
    <datafield tag="852" ind1="0" ind2=" ">
      <subfield code="b">firestone</subfield>
      <subfield code="c">stacks</subfield>
      <subfield code="h">GV742.42.M87</subfield>
      <subfield code="i">G45 2012</subfield>
      <subfield code="8">22623523940006421</subfield>
    </datafield>
    <datafield tag="876" ind1=" " ind2=" ">
      <subfield code="0">22623523940006421</subfield>
      <subfield code="j">1</subfield>
      <subfield code="z">stacks</subfield>
      <subfield code="c">BOOK</subfield>
      <subfield code="p">32101091095354</subfield>
      <subfield code="f">stacks</subfield>
      <subfield code="t">1</subfield>
      <subfield code="a">23623523930006421</subfield>
      <subfield code="b">Gen</subfield>
      <subfield code="d">2021-07-13 01:34:33</subfield>
      <subfield code="e">firestone</subfield>
      <subfield code="y">firestone</subfield>
    </datafield>
  </record>