
  <record>
    <leader>01244dam a2200325 a 4500</leader>
    <controlfield tag="005">20200929210816.0</controlfield>
    <controlfield tag="008">120426s2012    nyua     b    000 0beng  </controlfield>
    <controlfield tag="001">9972932063506421</controlfield>
    <datafield tag="010" ind1=" " ind2=" ">
      <subfield code="a">  2012016789</subfield>
    </datafield>
    <datafield tag="020" ind1=" " ind2=" ">
      <subfield code="a">9781584799863 (alk. paper)</subfield>
    </datafield>
    <datafield tag="020" ind1=" " ind2=" ">
      <subfield code="a">1584799862 (alk. paper)</subfield>
    </datafield>
    <datafield tag="035" ind1=" " ind2=" ">
      <subfield code="a">(OCoLC)781677602</subfield>
    </datafield>
    <datafield tag="035" ind1=" " ind2=" ">
      <subfield code="a">(OCoLC)ocn781677602</subfield>
    </datafield>
    <datafield tag="035" ind1=" " ind2=" ">
      <subfield code="a">7293206</subfield>
    </datafield>
    <datafield tag="035" ind1=" " ind2=" ">
      <subfield code="a">(NjP)7293206-princetondb</subfield>
    </datafield>
    <datafield tag="040" ind1=" " ind2=" ">
      <subfield code="a">DLC</subfield>
      <subfield code="b">eng</subfield>
      <subfield code="c">DLC</subfield>
      <subfield code="d">YDX</subfield>
      <subfield code="d">BTCTA</subfield>
      <subfield code="d">BDX</subfield>
      <subfield code="d">UKMGB</subfield>
      <subfield code="d">OCLCO</subfield>
      <subfield code="d">YDXCP</subfield>
      <subfield code="d">OCO</subfield>
      <subfield code="d">CDX</subfield>
    </datafield>
    <datafield tag="042" ind1=" " ind2=" ">
      <subfield code="a">pcc</subfield>
    </datafield>
    <datafield tag="043" ind1=" " ind2=" ">
      <subfield code="a">n-us-ny</subfield>
    </datafield>
    <datafield tag="050" ind1="0" ind2="0">
      <subfield code="a">GV865.M33</subfield>
      <subfield code="b">B57 2012</subfield>
    </datafield>
    <datafield tag="082" ind1="0" ind2="0">
      <subfield code="a">796.357092</subfield>
      <subfield code="a">B</subfield>
      <subfield code="2">23</subfield>
    </datafield>
    <datafield tag="100" ind1="1" ind2=" ">
      <subfield code="a">Bissinger, Buzz,</subfield>
      <subfield code="d">1954-</subfield>
      <subfield code="0">http://id.loc.gov/authorities/names/n90626440</subfield>
    </datafield>
    <datafield tag="245" ind1="1" ind2="4">
      <subfield code="a">The classic Mantle /</subfield>
      <subfield code="c">text by Buzz Bissinger ; photographs by Marvin E. Newman.</subfield>
    </datafield>
    <datafield tag="246" ind1="3" ind2=" ">
      <subfield code="a">Mantle</subfield>
    </datafield>
    <datafield tag="260" ind1=" " ind2=" ">
      <subfield code="a">New York :</subfield>
      <subfield code="b">Stewart, Tabori &amp; Chang,</subfield>
      <subfield code="c">c2012.</subfield>
    </datafield>
    <datafield tag="300" ind1=" " ind2=" ">
      <subfield code="a">141 p. :</subfield>
      <subfield code="b">ill. (some col.) ;</subfield>
      <subfield code="c">20 cm.</subfield>
    </datafield>
    <datafield tag="504" ind1=" " ind2=" ">
      <subfield code="a">Includes bibliographical references.</subfield>
    </datafield>
    <datafield tag="600" ind1="1" ind2="0">
      <subfield code="a">Mantle, Mickey,</subfield>
      <subfield code="d">1931-1995.</subfield>
      <subfield code="0">http://id.loc.gov/authorities/names/n84231483</subfield>
    </datafield>
    <datafield tag="610" ind1="2" ind2="0">
      <subfield code="a">New York Yankees (Baseball team)</subfield>
      <subfield code="x">History.</subfield>
    </datafield>
    <datafield tag="650" ind1=" " ind2="0">
      <subfield code="a">Baseball players</subfield>
      <subfield code="z">United States</subfield>
      <subfield code="v">Biography.</subfield>
      <subfield code="0">http://id.loc.gov/authorities/subjects/sh2007101902</subfield>
    </datafield>
    <datafield tag="852" ind1="0" ind2=" ">
      <subfield code="b">firestone</subfield>
      <subfield code="c">stacks</subfield>
      <subfield code="h">GV865.M33</subfield>
      <subfield code="i">B57 2012</subfield>
      <subfield code="8">22559176420006421</subfield>
    </datafield>
  </record>