
  <record>
    <leader>01583dam a2200349 a 4500</leader>
    <controlfield tag="005">20200929210818.0</controlfield>
    <controlfield tag="008">120614s2012    nyua          001 0 eng  </controlfield>
    <controlfield tag="001">9972932143506421</controlfield>
    <datafield tag="010" ind1=" " ind2=" ">
      <subfield code="a">  2012021858</subfield>
    </datafield>
    <datafield tag="020" ind1=" " ind2=" ">
      <subfield code="a">9780871404619 (hardcover)</subfield>
    </datafield>
    <datafield tag="020" ind1=" " ind2=" ">
      <subfield code="a">0871404613 (hardcover)</subfield>
    </datafield>
    <datafield tag="035" ind1=" " ind2=" ">
      <subfield code="a">(OCoLC)783160193</subfield>
    </datafield>
    <datafield tag="035" ind1=" " ind2=" ">
      <subfield code="a">(OCoLC)ocn783160193</subfield>
    </datafield>
    <datafield tag="035" ind1=" " ind2=" ">
      <subfield code="a">7293214</subfield>
    </datafield>
    <datafield tag="035" ind1=" " ind2=" ">
      <subfield code="a">(NjP)7293214-princetondb</subfield>
    </datafield>
    <datafield tag="040" ind1=" " ind2=" ">
      <subfield code="a">DLC</subfield>
      <subfield code="b">eng</subfield>
      <subfield code="c">DLC</subfield>
      <subfield code="d">YDX</subfield>
      <subfield code="d">BTCTA</subfield>
      <subfield code="d">BDX</subfield>
      <subfield code="d">OCLCO</subfield>
      <subfield code="d">UPZ</subfield>
      <subfield code="d">CDX</subfield>
      <subfield code="d">ORX</subfield>
      <subfield code="d">YDXCP</subfield>
      <subfield code="d">VP@</subfield>
    </datafield>
    <datafield tag="043" ind1=" " ind2=" ">
      <subfield code="a">n-us---</subfield>
    </datafield>
    <datafield tag="050" ind1="0" ind2="0">
      <subfield code="a">GV865.N42</subfield>
      <subfield code="b">A3 2012</subfield>
    </datafield>
    <datafield tag="082" ind1="0" ind2="0">
      <subfield code="a">796.357092</subfield>
      <subfield code="a">B</subfield>
      <subfield code="2">23</subfield>
    </datafield>
    <datafield tag="100" ind1="1" ind2=" ">
      <subfield code="a">Negron, Ray.</subfield>
      <subfield code="0">http://id.loc.gov/authorities/names/n2006028346</subfield>
    </datafield>
    <datafield tag="245" ind1="1" ind2="0">
      <subfield code="a">Yankee miracles :</subfield>
      <subfield code="b">life with the boss and the Bronx Bombers /</subfield>
      <subfield code="c">Ray Negron and Sally Cook.</subfield>
    </datafield>
    <datafield tag="250" ind1=" " ind2=" ">
      <subfield code="a">1st ed.</subfield>
    </datafield>
    <datafield tag="260" ind1=" " ind2=" ">
      <subfield code="a">New York :</subfield>
      <subfield code="b">Liveright Pub.,</subfield>
      <subfield code="c">c2012.</subfield>
    </datafield>
    <datafield tag="300" ind1=" " ind2=" ">
      <subfield code="a">xii, 268 p. :</subfield>
      <subfield code="b">ill. ;</subfield>
      <subfield code="c">25 cm.</subfield>
    </datafield>
    <datafield tag="500" ind1=" " ind2=" ">
      <subfield code="a">Includes index.</subfield>
    </datafield>
    <datafield tag="520" ind1="1" ind2=" ">
      <subfield code="a">In this adulatory memoir, Negron, a community adviser for the Yankees, recalls his encounters with players and managers from Mickey Mantle, Billy Martin, and Reggie Jackson to Alex Rodriguez, Billy Murcer, and Thurman Munson.</subfield>
    </datafield>
    <datafield tag="600" ind1="1" ind2="0">
      <subfield code="a">Negron, Ray.</subfield>
      <subfield code="0">http://id.loc.gov/authorities/names/n2006028346</subfield>
    </datafield>
    <datafield tag="600" ind1="1" ind2="0">
      <subfield code="a">Steinbrenner, George M.</subfield>
      <subfield code="q">(George Michael),</subfield>
      <subfield code="d">1930-2010.</subfield>
      <subfield code="0">http://id.loc.gov/authorities/names/n82030256</subfield>
    </datafield>
    <datafield tag="610" ind1="2" ind2="0">
      <subfield code="a">New York Yankees (Baseball team)</subfield>
      <subfield code="0">http://id.loc.gov/authorities/names/n81118918</subfield>
    </datafield>
    <datafield tag="650" ind1=" " ind2="0">
      <subfield code="a">Sports personnel</subfield>
      <subfield code="v">Biography.</subfield>
    </datafield>
    <datafield tag="700" ind1="1" ind2=" ">
      <subfield code="a">Cook, Sally.</subfield>
      <subfield code="0">http://id.loc.gov/authorities/names/n2016016121</subfield>
    </datafield>
    <datafield tag="852" ind1="0" ind2=" ">
      <subfield code="b">firestone</subfield>
      <subfield code="c">stacks</subfield>
      <subfield code="h">GV865.N42</subfield>
      <subfield code="i">A3 2012</subfield>
      <subfield code="8">22559166330006421</subfield>
    </datafield>
  </record>