
  <record>
    <leader>01747dam a2200289 a 4500</leader>
    <controlfield tag="005">20200929201200.0</controlfield>
    <controlfield tag="008">130211s2013    enk           000 f eng d</controlfield>
    <controlfield tag="001">9973781153506421</controlfield>
    <datafield tag="035" ind1=" " ind2=" ">
      <subfield code="a">7378115</subfield>
    </datafield>
    <datafield tag="035" ind1=" " ind2=" ">
      <subfield code="a">(OCoLC)ocn810948600</subfield>
      <subfield code="z">(OCoLC)ocn828848542</subfield>
    </datafield>
    <datafield tag="035" ind1=" " ind2=" ">
      <subfield code="a">(NjP)7378115-princetondb</subfield>
    </datafield>
    <datafield tag="035" ind1=" " ind2=" ">
      <subfield code="z">(OCoLC)828848542</subfield>
    </datafield>
    <datafield tag="040" ind1=" " ind2=" ">
      <subfield code="a">UKMGB</subfield>
      <subfield code="b">eng</subfield>
      <subfield code="c">UKMGB</subfield>
      <subfield code="d">YDXCP</subfield>
      <subfield code="d">CDX</subfield>
      <subfield code="d">NZHSD</subfield>
      <subfield code="d">OCLCO</subfield>
      <subfield code="d">STF</subfield>
      <subfield code="d">COO</subfield>
      <subfield code="d">NjP</subfield>
    </datafield>
    <datafield tag="020" ind1=" " ind2=" ">
      <subfield code="a">9781408817964 (pbk.)</subfield>
    </datafield>
    <datafield tag="020" ind1=" " ind2=" ">
      <subfield code="a">1408817969 (pbk.)</subfield>
    </datafield>
    <datafield tag="050" ind1=" " ind2="4">
      <subfield code="a">PR6118.E966</subfield>
      <subfield code="b">W674 2013</subfield>
    </datafield>
    <datafield tag="082" ind1="0" ind2="4">
      <subfield code="a">823.92</subfield>
      <subfield code="2">23</subfield>
    </datafield>
    <datafield tag="019" ind1=" " ind2=" ">
      <subfield code="a">828848542</subfield>
    </datafield>
    <datafield tag="100" ind1="1" ind2=" ">
      <subfield code="a">Reynolds, Matthew,</subfield>
      <subfield code="d">1969-</subfield>
      <subfield code="0">http://id.loc.gov/authorities/names/no2013050493</subfield>
    </datafield>
    <datafield tag="245" ind1="1" ind2="4">
      <subfield code="a">The world was all before them /</subfield>
      <subfield code="c">Matthew Reynolds.</subfield>
    </datafield>
    <datafield tag="260" ind1=" " ind2=" ">
      <subfield code="a">London :</subfield>
      <subfield code="b">Bloomsbury Circus,</subfield>
      <subfield code="c">2013.</subfield>
    </datafield>
    <datafield tag="300" ind1=" " ind2=" ">
      <subfield code="a">320 p. :</subfield>
      <subfield code="c">22 cm.</subfield>
    </datafield>
    <datafield tag="520" ind1="8" ind2=" ">
      <subfield code="a">Philip and Sue, in their mid-20s, near the start of their working lives, have moved to Eden Grove, to a two-up-two-down individually designed quality residence in a small town for the circle of a year. Philip is a locum in a nearby GP surgery, and Sue commutes an hour each day to her job in an art gallery. On the surface, their life together is unremarkable, but around them and within them is a kaleidoscope of complex, intersecting worlds. When Philip struggles with his new patients and when Sue decides to curate a new exhibition with a crucial emptiness at its heart, they both find themselves overstepping the boundaries of their professional lives.</subfield>
    </datafield>
    <datafield tag="650" ind1=" " ind2="0">
      <subfield code="a">Man-woman relationships</subfield>
      <subfield code="v">Fiction.</subfield>
      <subfield code="0">http://id.loc.gov/authorities/subjects/sh2008107175</subfield>
    </datafield>
    <datafield tag="655" ind1=" " ind2="7">
      <subfield code="a">Fiction.</subfield>
      <subfield code="2">lcgft</subfield>
      <subfield code="0">http://id.loc.gov/authorities/genreForms/gf2014026339</subfield>
    </datafield>
    <datafield tag="655" ind1=" " ind2="7">
      <subfield code="a">Novels.</subfield>
      <subfield code="2">lcgft</subfield>
      <subfield code="0">http://id.loc.gov/authorities/genreForms/gf2015026020</subfield>
    </datafield>
    <datafield tag="852" ind1="0" ind2=" ">
      <subfield code="b">firestone</subfield>
      <subfield code="c">stacks</subfield>
      <subfield code="h">PR6118.E966</subfield>
      <subfield code="i">W674 2013</subfield>
      <subfield code="8">22661755650006421</subfield>
    </datafield>
  </record>