
  <record>
    <leader>01197dam a2200337 a 4500</leader>
    <controlfield tag="005">20200929204108.0</controlfield>
    <controlfield tag="008">121101s2012    nyua          000 0aeng d</controlfield>
    <controlfield tag="001">9974060083506421</controlfield>
    <datafield tag="010" ind1=" " ind2=" ">
      <subfield code="a">  2012288393</subfield>
    </datafield>
    <datafield tag="035" ind1=" " ind2=" ">
      <subfield code="a">(OCoLC)ocn777662630</subfield>
    </datafield>
    <datafield tag="035" ind1=" " ind2=" ">
      <subfield code="a">7406008</subfield>
    </datafield>
    <datafield tag="035" ind1=" " ind2=" ">
      <subfield code="a">(OCoLC)777662630</subfield>
    </datafield>
    <datafield tag="035" ind1=" " ind2=" ">
      <subfield code="a">(NjP)7406008-princetondb</subfield>
    </datafield>
    <datafield tag="040" ind1=" " ind2=" ">
      <subfield code="a">BTCTA</subfield>
      <subfield code="b">eng</subfield>
      <subfield code="c">BTCTA</subfield>
      <subfield code="d">DLC</subfield>
      <subfield code="d">UKMGB</subfield>
      <subfield code="d">BKX</subfield>
      <subfield code="d">CO2</subfield>
      <subfield code="d">YDXCP</subfield>
      <subfield code="d">BDX</subfield>
      <subfield code="d">CDX</subfield>
    </datafield>
    <datafield tag="016" ind1="7" ind2=" ">
      <subfield code="a">016111592</subfield>
      <subfield code="2">Uk</subfield>
    </datafield>
    <datafield tag="020" ind1=" " ind2=" ">
      <subfield code="a">9781250006004</subfield>
    </datafield>
    <datafield tag="020" ind1=" " ind2=" ">
      <subfield code="a">1250006007</subfield>
    </datafield>
    <datafield tag="042" ind1=" " ind2=" ">
      <subfield code="a">lccopycat</subfield>
    </datafield>
    <datafield tag="050" ind1="0" ind2="0">
      <subfield code="a">GV839.5</subfield>
      <subfield code="b">.P37 2012</subfield>
    </datafield>
    <datafield tag="082" ind1="0" ind2="4">
      <subfield code="a">797.3/2/092</subfield>
      <subfield code="a">B</subfield>
      <subfield code="a">223</subfield>
    </datafield>
    <datafield tag="049" ind1=" " ind2=" ">
      <subfield code="a">PULL</subfield>
    </datafield>
    <datafield tag="100" ind1="1" ind2=" ">
      <subfield code="a">Paskowitz, Izzy.</subfield>
      <subfield code="0">http://id.loc.gov/authorities/names/no2012113254</subfield>
    </datafield>
    <datafield tag="245" ind1="1" ind2="0">
      <subfield code="a">Scratching the horizon :</subfield>
      <subfield code="b">a surfing life /</subfield>
      <subfield code="c">Izzy Paskowitz with Daniel Paisner.</subfield>
    </datafield>
    <datafield tag="250" ind1=" " ind2=" ">
      <subfield code="a">1st ed.</subfield>
    </datafield>
    <datafield tag="260" ind1=" " ind2=" ">
      <subfield code="a">New York :</subfield>
      <subfield code="b">St Martin's Press,</subfield>
      <subfield code="c">2012.</subfield>
    </datafield>
    <datafield tag="300" ind1=" " ind2=" ">
      <subfield code="a">289 p. :</subfield>
      <subfield code="b">ill. (some col.) ;</subfield>
      <subfield code="c">22 cm.</subfield>
    </datafield>
    <datafield tag="600" ind1="1" ind2="0">
      <subfield code="a">Paskowitz, Izzy.</subfield>
      <subfield code="0">http://id.loc.gov/authorities/names/no2012113254</subfield>
    </datafield>
    <datafield tag="650" ind1=" " ind2="0">
      <subfield code="a">Surfers</subfield>
      <subfield code="v">Biography.</subfield>
    </datafield>
    <datafield tag="650" ind1=" " ind2="0">
      <subfield code="a">Surfing.</subfield>
      <subfield code="0">http://id.loc.gov/authorities/subjects/sh85130757</subfield>
    </datafield>
    <datafield tag="700" ind1="1" ind2=" ">
      <subfield code="a">Paisner, Daniel.</subfield>
      <subfield code="0">http://id.loc.gov/authorities/names/n86129168</subfield>
    </datafield>
    <datafield tag="852" ind1="0" ind2=" ">
      <subfield code="b">firestone</subfield>
      <subfield code="c">stacks</subfield>
      <subfield code="h">GV839.5</subfield>
      <subfield code="i">.P37 2012</subfield>
      <subfield code="8">22704520070006421</subfield>
    </datafield>
  </record>