
  <record>
    <leader>00985dam a2200265 a 4500</leader>
    <controlfield tag="005">20200929204926.0</controlfield>
    <controlfield tag="008">121126s2013    oncc          000 f eng  </controlfield>
    <controlfield tag="001">9974151533506421</controlfield>
    <datafield tag="035" ind1=" " ind2=" ">
      <subfield code="a">7415153</subfield>
    </datafield>
    <datafield tag="035" ind1=" " ind2=" ">
      <subfield code="a">(OCoLC)ocn696908638</subfield>
      <subfield code="z">(OCoLC)ocn820149104</subfield>
      <subfield code="z">(OCoLC)ocn842351747</subfield>
      <subfield code="z">(OCoLC)ocn851563656</subfield>
      <subfield code="z">(OCoLC)ocn857084729</subfield>
    </datafield>
    <datafield tag="035" ind1=" " ind2=" ">
      <subfield code="a">(NjP)7415153-princetondb</subfield>
    </datafield>
    <datafield tag="035" ind1=" " ind2=" ">
      <subfield code="z">(OCoLC)820149104</subfield>
      <subfield code="z">(OCoLC)842351747</subfield>
      <subfield code="z">(OCoLC)851563656</subfield>
      <subfield code="z">(OCoLC)857084729</subfield>
    </datafield>
    <datafield tag="040" ind1=" " ind2=" ">
      <subfield code="a">NLC</subfield>
      <subfield code="b">eng</subfield>
      <subfield code="c">NLC</subfield>
      <subfield code="d">YDXCP</subfield>
      <subfield code="d">VP@</subfield>
      <subfield code="d">EYM</subfield>
      <subfield code="d">LGG</subfield>
      <subfield code="d">NjP</subfield>
    </datafield>
    <datafield tag="016" ind1=" " ind2=" ">
      <subfield code="a">20119001128</subfield>
    </datafield>
    <datafield tag="020" ind1=" " ind2=" ">
      <subfield code="a">9780385670661</subfield>
    </datafield>
    <datafield tag="020" ind1=" " ind2=" ">
      <subfield code="a">0385670664</subfield>
    </datafield>
    <datafield tag="050" ind1="1" ind2="4">
      <subfield code="a">PR9440.9.S42</subfield>
      <subfield code="b">H86 2013</subfield>
    </datafield>
    <datafield tag="019" ind1=" " ind2=" ">
      <subfield code="a">820149104</subfield>
      <subfield code="a">842351747</subfield>
      <subfield code="a">851563656</subfield>
      <subfield code="a">857084729</subfield>
    </datafield>
    <datafield tag="100" ind1="1" ind2=" ">
      <subfield code="a">Selvadurai, Shyam,</subfield>
      <subfield code="d">1965-</subfield>
      <subfield code="0">http://id.loc.gov/authorities/names/no95027963</subfield>
    </datafield>
    <datafield tag="245" ind1="1" ind2="4">
      <subfield code="a">The hungry ghosts /</subfield>
      <subfield code="c">Shyam Selvadurai.</subfield>
    </datafield>
    <datafield tag="260" ind1=" " ind2=" ">
      <subfield code="a">Toronto :</subfield>
      <subfield code="b">Doubleday Canada,</subfield>
      <subfield code="c">2013.</subfield>
    </datafield>
    <datafield tag="300" ind1=" " ind2=" ">
      <subfield code="a">372 p. ;</subfield>
      <subfield code="c">25 cm.</subfield>
    </datafield>
    <datafield tag="530" ind1=" " ind2=" ">
      <subfield code="a">Issued also in electronic format.</subfield>
    </datafield>
    <datafield tag="655" ind1=" " ind2="7">
      <subfield code="a">Novels.</subfield>
      <subfield code="2">lcgft</subfield>
      <subfield code="0">http://id.loc.gov/authorities/genreForms/gf2015026020</subfield>
    </datafield>
    <datafield tag="852" ind1="0" ind2=" ">
      <subfield code="b">firestone</subfield>
      <subfield code="c">stacks</subfield>
      <subfield code="h">PR9440.9.S42</subfield>
      <subfield code="i">H86 2013</subfield>
      <subfield code="8">22517770190006421</subfield>
    </datafield>
  </record>