
  <record>
    <leader>02521dam a2200361 a 4500</leader>
    <controlfield tag="005">20190602191507.0</controlfield>
    <controlfield tag="008">121015s2013    nyuaf    b    001 0 eng  </controlfield>
    <controlfield tag="001">9974196033506421</controlfield>
    <datafield tag="010" ind1=" " ind2=" ">
      <subfield code="a">  2012040155</subfield>
    </datafield>
    <datafield tag="035" ind1=" " ind2=" ">
      <subfield code="a">(OCoLC)ocn806015685</subfield>
    </datafield>
    <datafield tag="035" ind1=" " ind2=" ">
      <subfield code="a">7419603</subfield>
    </datafield>
    <datafield tag="035" ind1=" " ind2=" ">
      <subfield code="a">(OCoLC)806015685</subfield>
    </datafield>
    <datafield tag="035" ind1=" " ind2=" ">
      <subfield code="a">(NjP)7419603-princetondb</subfield>
    </datafield>
    <datafield tag="040" ind1=" " ind2=" ">
      <subfield code="a">DLC</subfield>
      <subfield code="b">eng</subfield>
      <subfield code="c">DLC</subfield>
      <subfield code="d">IG#</subfield>
      <subfield code="d">BTCTA</subfield>
      <subfield code="d">BDX</subfield>
      <subfield code="d">OCLCO</subfield>
      <subfield code="d">IEP</subfield>
      <subfield code="d">YDXCP</subfield>
      <subfield code="d">VHP</subfield>
      <subfield code="d">ABG</subfield>
      <subfield code="d">RCJ</subfield>
    </datafield>
    <datafield tag="020" ind1=" " ind2=" ">
      <subfield code="a">9780316205917 (hbk.) :</subfield>
      <subfield code="c">$27.99</subfield>
    </datafield>
    <datafield tag="020" ind1=" " ind2=" ">
      <subfield code="a">0316205915 (hbk.)</subfield>
    </datafield>
    <datafield tag="043" ind1=" " ind2=" ">
      <subfield code="a">n-us---</subfield>
    </datafield>
    <datafield tag="050" ind1="0" ind2="0">
      <subfield code="a">GV863.A1</subfield>
      <subfield code="b">W416 2013</subfield>
    </datafield>
    <datafield tag="082" ind1="0" ind2="0">
      <subfield code="a">796.3570973</subfield>
      <subfield code="2">23</subfield>
    </datafield>
    <datafield tag="049" ind1=" " ind2=" ">
      <subfield code="a">PULL</subfield>
    </datafield>
    <datafield tag="100" ind1="1" ind2=" ">
      <subfield code="a">Weintraub, Robert.</subfield>
    </datafield>
    <datafield tag="245" ind1="1" ind2="4">
      <subfield code="a">The victory season :</subfield>
      <subfield code="b">the end of World War II and the birth of baseball's golden age /</subfield>
      <subfield code="c">Robert Weintraub.</subfield>
    </datafield>
    <datafield tag="250" ind1=" " ind2=" ">
      <subfield code="a">1st ed.</subfield>
    </datafield>
    <datafield tag="260" ind1=" " ind2=" ">
      <subfield code="a">New York :</subfield>
      <subfield code="b">Little, Brown and Company,</subfield>
      <subfield code="c">c2013.</subfield>
    </datafield>
    <datafield tag="300" ind1=" " ind2=" ">
      <subfield code="a">iv, 460 p., [16] p. of plates :</subfield>
      <subfield code="b">ill. ;</subfield>
      <subfield code="c">25 cm.</subfield>
    </datafield>
    <datafield tag="504" ind1=" " ind2=" ">
      <subfield code="a">Includes bibliographical references (p. 408-446) and index.</subfield>
    </datafield>
    <datafield tag="505" ind1="0" ind2=" ">
      <subfield code="a">The "mature Ted Williams" -- The fallen -- Kidnapping the Kaiser and other adventures -- Reunited Redbirds -- From Hitler to hardball -- The Dodgers take Daytona -- "The right man for this test" -- Reality check -- The most interesting man in the world -- Opening day -- Jackie's debut -- Trial by fury -- Those splendid Sox -- Baseball for the one percent -- Casualties -- Montreal -- The Brat -- Paralysis -- Finito -- Strike out -- Here comes "The Man" -- "Bullseye!" -- All things Eephus -- Lucky -- The Leo beat -- Red, Whitey, and "Four-sack" Dusak -- CPO Feller -- The Jewel of Pigtown -- Fighting retreat -- Here's to you, Mrs. Robinson -- The autumn of their discontent -- Victoire -- The stretch run -- The first playoff -- Splintered -- The World Series -- The Series comes to the Hub -- Cat scratch fever -- The mad dash -- Aftermath.</subfield>
    </datafield>
    <datafield tag="520" ind1=" " ind2=" ">
      <subfield code="a">Chronicles the triumphant 1946 baseball season and how the sport revitalized America after the second World War, centering on such hall-of-famers as Ted Williams, Joe DiMaggio, Jackie Robinson, and Stan Musial.</subfield>
    </datafield>
    <datafield tag="650" ind1=" " ind2="0">
      <subfield code="a">Baseball</subfield>
      <subfield code="z">United States</subfield>
      <subfield code="x">History</subfield>
      <subfield code="y">20th century.</subfield>
      <subfield code="0">http://id.loc.gov/authorities/subjects/sh2007101909</subfield>
    </datafield>
    <datafield tag="650" ind1=" " ind2="0">
      <subfield code="a">World War, 1939-1945</subfield>
      <subfield code="z">United States.</subfield>
      <subfield code="0">http://id.loc.gov/authorities/subjects/sh2010118158</subfield>
    </datafield>
    <datafield tag="651" ind1=" " ind2="0">
      <subfield code="a">United States</subfield>
      <subfield code="x">History</subfield>
      <subfield code="y">1945-</subfield>
      <subfield code="0">http://id.loc.gov/authorities/subjects/sh85140302</subfield>
    </datafield>
    <datafield tag="651" ind1=" " ind2="0">
      <subfield code="a">United States</subfield>
      <subfield code="x">Social life and customs</subfield>
      <subfield code="y">1945-1970.</subfield>
      <subfield code="0">http://id.loc.gov/authorities/subjects/sh85140542</subfield>
    </datafield>
    <datafield tag="852" ind1="0" ind2=" ">
      <subfield code="b">firestone</subfield>
      <subfield code="c">stacks</subfield>
      <subfield code="h">GV863.A1</subfield>
      <subfield code="i">W416 2013</subfield>
      <subfield code="8">22648403060006421</subfield>
    </datafield>
  </record>