
  <record>
    <leader>02440dam a2200385 a 4500</leader>
    <controlfield tag="005">20200930165251.0</controlfield>
    <controlfield tag="008">130207s2013    nyub          000 1 eng  </controlfield>
    <controlfield tag="001">9975665653506421</controlfield>
    <datafield tag="010" ind1=" " ind2=" ">
      <subfield code="a">  2012049779</subfield>
    </datafield>
    <datafield tag="035" ind1=" " ind2=" ">
      <subfield code="a">(OCoLC)ocn827115204</subfield>
    </datafield>
    <datafield tag="035" ind1=" " ind2=" ">
      <subfield code="a">7566565</subfield>
    </datafield>
    <datafield tag="035" ind1=" " ind2=" ">
      <subfield code="a">(OCoLC)827115204</subfield>
    </datafield>
    <datafield tag="035" ind1=" " ind2=" ">
      <subfield code="a">(NjP)7566565-princetondb</subfield>
    </datafield>
    <datafield tag="035" ind1=" " ind2=" ">
      <subfield code="z">(OCoLC)812068668</subfield>
    </datafield>
    <datafield tag="040" ind1=" " ind2=" ">
      <subfield code="a">DLC</subfield>
      <subfield code="b">eng</subfield>
      <subfield code="c">DLC</subfield>
      <subfield code="d">IG#</subfield>
      <subfield code="d">OCLCO</subfield>
      <subfield code="d">UAG</subfield>
      <subfield code="d">CDX</subfield>
      <subfield code="d">SO$</subfield>
      <subfield code="d">YDXCP</subfield>
      <subfield code="d">BTCTA</subfield>
      <subfield code="d">BDX</subfield>
      <subfield code="d">IK2</subfield>
    </datafield>
    <datafield tag="019" ind1=" " ind2=" ">
      <subfield code="a">812068668</subfield>
    </datafield>
    <datafield tag="020" ind1=" " ind2=" ">
      <subfield code="a">9781620402009 (hbk.)</subfield>
    </datafield>
    <datafield tag="020" ind1=" " ind2=" ">
      <subfield code="a">1620402009 (hbk.)</subfield>
    </datafield>
    <datafield tag="043" ind1=" " ind2=" ">
      <subfield code="a">e-mm---</subfield>
    </datafield>
    <datafield tag="050" ind1="0" ind2="0">
      <subfield code="a">PR6113.O359</subfield>
      <subfield code="b">S54 2013</subfield>
    </datafield>
    <datafield tag="082" ind1="0" ind2="0">
      <subfield code="a">823/.92</subfield>
      <subfield code="2">23</subfield>
    </datafield>
    <datafield tag="084" ind1=" " ind2=" ">
      <subfield code="a">FIC031000</subfield>
      <subfield code="2">bisacsh</subfield>
    </datafield>
    <datafield tag="049" ind1=" " ind2=" ">
      <subfield code="a">PULJ</subfield>
    </datafield>
    <datafield tag="100" ind1="1" ind2=" ">
      <subfield code="a">Mogford, Thomas.</subfield>
      <subfield code="0">http://id.loc.gov/authorities/names/n2011064916</subfield>
    </datafield>
    <datafield tag="245" ind1="1" ind2="0">
      <subfield code="a">Sign of the cross :</subfield>
      <subfield code="b">a Spike Sanguinetti novel /</subfield>
      <subfield code="c">Thomas Mogford.</subfield>
    </datafield>
    <datafield tag="250" ind1=" " ind2=" ">
      <subfield code="a">1st U.S. ed.</subfield>
    </datafield>
    <datafield tag="260" ind1=" " ind2=" ">
      <subfield code="a">New York :</subfield>
      <subfield code="b">Bloomsbury,</subfield>
      <subfield code="c">2013.</subfield>
    </datafield>
    <datafield tag="300" ind1=" " ind2=" ">
      <subfield code="a">225 p. :</subfield>
      <subfield code="b">map ;</subfield>
      <subfield code="c">22 cm.</subfield>
    </datafield>
    <datafield tag="520" ind1=" " ind2=" ">
      <subfield code="a">"Just as a degree of calm returns to Spike Sanguinetti's life in Gibraltar, he receives the shocking news that his Maltese uncle and aunt are dead after a domestic dispute escalated into a blood-soaked murder-suicide. Accompanied by his aging father, Spike crosses the Mediterranean to Malta for the funerals. It falls to Spike, a lawyer, to act as executor of the wills. The more he looks into his relatives' deaths, however, the more he is faced by a troubling question: what could have prompted a mild-mannered art historian to stab his wife to death, then turn the knife upon himself? After reuniting with an ex-girlfriend, Zahra, now working in Malta as a translator, Spike embarks on a dangerous trail that leads all the way from the island's squalid immigrant tent camps to the ornate palazzos of the legendary Knights of St John. In Malta, the oldest Christian nation in the world, self-interest can masquerade as charity, and what first appears to be worthless can prove valuable beyond price"--</subfield>
      <subfield code="c">Provided by publisher.</subfield>
    </datafield>
    <datafield tag="650" ind1=" " ind2="0">
      <subfield code="a">Aunts</subfield>
      <subfield code="x">Crimes against</subfield>
      <subfield code="v">Fiction.</subfield>
    </datafield>
    <datafield tag="650" ind1=" " ind2="0">
      <subfield code="a">Suicide</subfield>
      <subfield code="v">Fiction.</subfield>
      <subfield code="0">http://id.loc.gov/authorities/subjects/sh2008111703</subfield>
    </datafield>
    <datafield tag="651" ind1=" " ind2="0">
      <subfield code="a">Malta</subfield>
      <subfield code="v">Fiction.</subfield>
    </datafield>
    <datafield tag="655" ind1=" " ind2="7">
      <subfield code="a">Fiction.</subfield>
      <subfield code="2">lcgft</subfield>
      <subfield code="0">http://id.loc.gov/authorities/genreForms/gf2014026339</subfield>
    </datafield>
    <datafield tag="655" ind1=" " ind2="7">
      <subfield code="a">Fiction.</subfield>
      <subfield code="2">lcgft</subfield>
      <subfield code="0">http://id.loc.gov/authorities/genreForms/gf2014026339</subfield>
    </datafield>
    <datafield tag="856" ind1="4" ind2="2">
      <subfield code="3">Cover image</subfield>
      <subfield code="u">http://www.netread.com/jcusers2/bk1388/009/9781620402009/image/lgcover.9781620402009.jpg</subfield>
    </datafield>
    <datafield tag="852" ind1="0" ind2=" ">
      <subfield code="b">firestone</subfield>
      <subfield code="c">stacks</subfield>
      <subfield code="h">PR6113.O359</subfield>
      <subfield code="i">S54 2013</subfield>
      <subfield code="8">22727943830006421</subfield>
    </datafield>
  </record>