
  <record>
    <leader>01305dam a2200373 i 4500</leader>
    <controlfield tag="005">20200930165349.0</controlfield>
    <controlfield tag="008">121217s2013    mdua     b    001 0ceng  </controlfield>
    <controlfield tag="001">9975669233506421</controlfield>
    <datafield tag="010" ind1=" " ind2=" ">
      <subfield code="a">  2012048706</subfield>
    </datafield>
    <datafield tag="035" ind1=" " ind2=" ">
      <subfield code="a">(OCoLC)ocn821265859</subfield>
    </datafield>
    <datafield tag="035" ind1=" " ind2=" ">
      <subfield code="a">7566923</subfield>
    </datafield>
    <datafield tag="035" ind1=" " ind2=" ">
      <subfield code="a">(OCoLC)821265859</subfield>
    </datafield>
    <datafield tag="035" ind1=" " ind2=" ">
      <subfield code="a">(NjP)7566923-princetondb</subfield>
    </datafield>
    <datafield tag="040" ind1=" " ind2=" ">
      <subfield code="a">DLC</subfield>
      <subfield code="b">eng</subfield>
      <subfield code="c">DLC</subfield>
      <subfield code="e">rda</subfield>
      <subfield code="d">YDX</subfield>
      <subfield code="d">YDXCP</subfield>
      <subfield code="d">OCLCO</subfield>
      <subfield code="d">GK8</subfield>
      <subfield code="d">BDX</subfield>
    </datafield>
    <datafield tag="020" ind1=" " ind2=" ">
      <subfield code="a">9780810887466 (cloth : alk. paper)</subfield>
    </datafield>
    <datafield tag="020" ind1=" " ind2=" ">
      <subfield code="a">0810887460 (cloth : alk. paper)</subfield>
    </datafield>
    <datafield tag="020" ind1=" " ind2=" ">
      <subfield code="z">9780810887473 (ebook)</subfield>
    </datafield>
    <datafield tag="042" ind1=" " ind2=" ">
      <subfield code="a">pcc</subfield>
    </datafield>
    <datafield tag="043" ind1=" " ind2=" ">
      <subfield code="a">n-us---</subfield>
    </datafield>
    <datafield tag="050" ind1="0" ind2="0">
      <subfield code="a">GV837.9</subfield>
      <subfield code="b">.L64 2013</subfield>
    </datafield>
    <datafield tag="082" ind1="0" ind2="0">
      <subfield code="a">797.2/1092</subfield>
      <subfield code="2">23</subfield>
    </datafield>
    <datafield tag="049" ind1=" " ind2=" ">
      <subfield code="a">PULL</subfield>
    </datafield>
    <datafield tag="100" ind1="1" ind2=" ">
      <subfield code="a">Lohn, John,</subfield>
      <subfield code="d">1976-</subfield>
      <subfield code="0">http://id.loc.gov/authorities/names/n2010023820</subfield>
    </datafield>
    <datafield tag="245" ind1="1" ind2="0">
      <subfield code="a">They ruled the pool :</subfield>
      <subfield code="b">the 100 greatest swimmers in history /</subfield>
      <subfield code="c">John Lohn.</subfield>
    </datafield>
    <datafield tag="264" ind1=" " ind2="1">
      <subfield code="a">Lanham :</subfield>
      <subfield code="b">Scarecrow Press,</subfield>
      <subfield code="c">2013.</subfield>
    </datafield>
    <datafield tag="300" ind1=" " ind2=" ">
      <subfield code="a">xxii, 209 pages :</subfield>
      <subfield code="b">illustrations ;</subfield>
      <subfield code="c">24 cm.</subfield>
    </datafield>
    <datafield tag="336" ind1=" " ind2=" ">
      <subfield code="a">text</subfield>
      <subfield code="2">rdacontent</subfield>
    </datafield>
    <datafield tag="337" ind1=" " ind2=" ">
      <subfield code="a">unmediated</subfield>
      <subfield code="2">rdamedia</subfield>
    </datafield>
    <datafield tag="338" ind1=" " ind2=" ">
      <subfield code="a">volume</subfield>
      <subfield code="2">rdacarrier</subfield>
    </datafield>
    <datafield tag="490" ind1="1" ind2=" ">
      <subfield code="a">Scarecrow swimming series</subfield>
    </datafield>
    <datafield tag="504" ind1=" " ind2=" ">
      <subfield code="a">Includes bibliographical references and index.</subfield>
    </datafield>
    <datafield tag="650" ind1=" " ind2="0">
      <subfield code="a">Swimmers</subfield>
      <subfield code="z">United States</subfield>
      <subfield code="v">Biography.</subfield>
      <subfield code="0">http://id.loc.gov/authorities/subjects/sh2010115213</subfield>
    </datafield>
    <datafield tag="830" ind1=" " ind2="0">
      <subfield code="a">Scarecrow swimming series</subfield>
    </datafield>
    <datafield tag="852" ind1="0" ind2=" ">
      <subfield code="b">firestone</subfield>
      <subfield code="c">stacks</subfield>
      <subfield code="h">GV837.9</subfield>
      <subfield code="i">.L64 2013</subfield>
      <subfield code="8">22727916820006421</subfield>
    </datafield>
  </record>