
  <record>
    <leader>01010dam a2200313 a 4500</leader>
    <controlfield tag="005">20201001111851.0</controlfield>
    <controlfield tag="008">120830s2013    nyu           000 0 eng  </controlfield>
    <controlfield tag="001">9975873863506421</controlfield>
    <datafield tag="010" ind1=" " ind2=" ">
      <subfield code="a">  2012034683</subfield>
    </datafield>
    <datafield tag="035" ind1=" " ind2=" ">
      <subfield code="a">(OCoLC)ocn807033047</subfield>
    </datafield>
    <datafield tag="035" ind1=" " ind2=" ">
      <subfield code="a">7587386</subfield>
    </datafield>
    <datafield tag="035" ind1=" " ind2=" ">
      <subfield code="a">(OCoLC)807033047</subfield>
    </datafield>
    <datafield tag="035" ind1=" " ind2=" ">
      <subfield code="a">(NjP)7587386-princetondb</subfield>
    </datafield>
    <datafield tag="035" ind1=" " ind2=" ">
      <subfield code="z">(OCoLC)807024603</subfield>
    </datafield>
    <datafield tag="040" ind1=" " ind2=" ">
      <subfield code="a">DLC</subfield>
      <subfield code="b">eng</subfield>
      <subfield code="c">DLC</subfield>
      <subfield code="d">IG#</subfield>
      <subfield code="d">YDXCP</subfield>
      <subfield code="d">BTCTA</subfield>
      <subfield code="d">OCLCO</subfield>
      <subfield code="d">BDX</subfield>
      <subfield code="d">LE#</subfield>
      <subfield code="d">IK2</subfield>
      <subfield code="d">VP@</subfield>
    </datafield>
    <datafield tag="019" ind1=" " ind2=" ">
      <subfield code="a">807024603</subfield>
    </datafield>
    <datafield tag="020" ind1=" " ind2=" ">
      <subfield code="a">9780307907547 (hbk.)</subfield>
    </datafield>
    <datafield tag="020" ind1=" " ind2=" ">
      <subfield code="a">0307907546 (hbk.)</subfield>
    </datafield>
    <datafield tag="043" ind1=" " ind2=" ">
      <subfield code="a">n-us-ia</subfield>
    </datafield>
    <datafield tag="050" ind1="0" ind2="0">
      <subfield code="a">GV863.I8</subfield>
      <subfield code="b">C556 2013</subfield>
    </datafield>
    <datafield tag="082" ind1="0" ind2="0">
      <subfield code="a">796.357/640977767</subfield>
      <subfield code="2">23</subfield>
    </datafield>
    <datafield tag="049" ind1=" " ind2=" ">
      <subfield code="a">PULJ</subfield>
    </datafield>
    <datafield tag="100" ind1="1" ind2=" ">
      <subfield code="a">Mann, Lucas.</subfield>
      <subfield code="0">http://id.loc.gov/authorities/names/n2012056904</subfield>
    </datafield>
    <datafield tag="245" ind1="1" ind2="0">
      <subfield code="a">Class A :</subfield>
      <subfield code="b">baseball in the middle of everywhere /</subfield>
      <subfield code="c">Lucas Mann.</subfield>
    </datafield>
    <datafield tag="250" ind1=" " ind2=" ">
      <subfield code="a">1st ed.</subfield>
    </datafield>
    <datafield tag="260" ind1=" " ind2=" ">
      <subfield code="a">New York :</subfield>
      <subfield code="b">Pantheon Books,</subfield>
      <subfield code="c">c2013.</subfield>
    </datafield>
    <datafield tag="300" ind1=" " ind2=" ">
      <subfield code="a">318 p. ;</subfield>
      <subfield code="c">25 cm.</subfield>
    </datafield>
    <datafield tag="650" ind1=" " ind2="0">
      <subfield code="a">Minor league baseball</subfield>
      <subfield code="z">Iowa</subfield>
      <subfield code="z">Clinton</subfield>
      <subfield code="x">History.</subfield>
    </datafield>
    <datafield tag="651" ind1=" " ind2="0">
      <subfield code="a">Clinton (Iowa)</subfield>
      <subfield code="x">Social life and customs.</subfield>
    </datafield>
    <datafield tag="852" ind1="0" ind2=" ">
      <subfield code="b">firestone</subfield>
      <subfield code="c">stacks</subfield>
      <subfield code="h">GV863.I8</subfield>
      <subfield code="i">C556 2013</subfield>
      <subfield code="8">22741841600006421</subfield>
    </datafield>
  </record>