
  <record>
    <leader>01313dam a2200301 a 4500</leader>
    <controlfield tag="005">20201001121329.0</controlfield>
    <controlfield tag="008">130509s2013    nyua          000 0deng d</controlfield>
    <controlfield tag="001">9976240413506421</controlfield>
    <datafield tag="035" ind1=" " ind2=" ">
      <subfield code="a">(OCoLC)ocn842283801</subfield>
    </datafield>
    <datafield tag="035" ind1=" " ind2=" ">
      <subfield code="a">7624041</subfield>
    </datafield>
    <datafield tag="035" ind1=" " ind2=" ">
      <subfield code="a">(OCoLC)842283801</subfield>
    </datafield>
    <datafield tag="035" ind1=" " ind2=" ">
      <subfield code="a">(NjP)7624041-princetondb</subfield>
    </datafield>
    <datafield tag="040" ind1=" " ind2=" ">
      <subfield code="a">IEP</subfield>
      <subfield code="c">IEP</subfield>
      <subfield code="d">IEP</subfield>
      <subfield code="d">OCLCO</subfield>
      <subfield code="d">YDXCP</subfield>
      <subfield code="d">BTCTA</subfield>
      <subfield code="d">BDX</subfield>
      <subfield code="d">GK8</subfield>
      <subfield code="d">CO2</subfield>
      <subfield code="d">BUR</subfield>
      <subfield code="d">JTH</subfield>
    </datafield>
    <datafield tag="020" ind1=" " ind2=" ">
      <subfield code="a">9780802121356</subfield>
    </datafield>
    <datafield tag="020" ind1=" " ind2=" ">
      <subfield code="a">0802121357</subfield>
    </datafield>
    <datafield tag="050" ind1="1" ind2="4">
      <subfield code="a">GV829</subfield>
      <subfield code="b">.G88 2013</subfield>
    </datafield>
    <datafield tag="082" ind1="0" ind2="4">
      <subfield code="a">797.1/4</subfield>
      <subfield code="2">23</subfield>
    </datafield>
    <datafield tag="100" ind1="1" ind2=" ">
      <subfield code="a">Guthrie, Julian.</subfield>
      <subfield code="0">http://id.loc.gov/authorities/names/n2010078961</subfield>
    </datafield>
    <datafield tag="245" ind1="1" ind2="4">
      <subfield code="a">The billionaire and the mechanic :</subfield>
      <subfield code="b">how Larry Ellison and a car mechanic teamed up to win sailing's greatest race, the America's Cup /</subfield>
      <subfield code="c">Julian Guthrie.</subfield>
    </datafield>
    <datafield tag="250" ind1=" " ind2=" ">
      <subfield code="a">1st ed.</subfield>
    </datafield>
    <datafield tag="260" ind1=" " ind2=" ">
      <subfield code="a">New York :</subfield>
      <subfield code="b">Grove Press ;</subfield>
      <subfield code="a">[Berkeley, Calif.] :</subfield>
      <subfield code="b">Distributed by Publishers Group West,</subfield>
      <subfield code="c">2013.</subfield>
    </datafield>
    <datafield tag="300" ind1=" " ind2=" ">
      <subfield code="a">ix, 323 p. :</subfield>
      <subfield code="b">ill. (some col.) ;</subfield>
      <subfield code="c">24 cm.</subfield>
    </datafield>
    <datafield tag="600" ind1="1" ind2="0">
      <subfield code="a">Ellison, Larry.</subfield>
      <subfield code="0">http://id.loc.gov/authorities/names/n97043375</subfield>
    </datafield>
    <datafield tag="600" ind1="1" ind2="0">
      <subfield code="a">Bajurin, Norbert.</subfield>
    </datafield>
    <datafield tag="611" ind1="2" ind2="0">
      <subfield code="a">America's Cup.</subfield>
      <subfield code="0">http://id.loc.gov/authorities/names/n99053106</subfield>
    </datafield>
    <datafield tag="650" ind1=" " ind2="0">
      <subfield code="a">Yacht racing.</subfield>
      <subfield code="0">http://id.loc.gov/authorities/subjects/sh85148890</subfield>
    </datafield>
    <datafield tag="650" ind1=" " ind2="0">
      <subfield code="a">Yachts</subfield>
      <subfield code="x">Design and construction.</subfield>
      <subfield code="0">http://id.loc.gov/authorities/subjects/sh2008124344</subfield>
    </datafield>
    <datafield tag="852" ind1="0" ind2=" ">
      <subfield code="b">firestone</subfield>
      <subfield code="c">stacks</subfield>
      <subfield code="h">GV829</subfield>
      <subfield code="i">.G88 2013</subfield>
      <subfield code="8">22500354820006421</subfield>
    </datafield>
  </record>