
  <record>
    <leader>02121dam a2200361Ii 4500</leader>
    <controlfield tag="005">20201001142904.0</controlfield>
    <controlfield tag="008">130909s2013    nyua          000 0aeng d</controlfield>
    <controlfield tag="001">9977791683506421</controlfield>
    <datafield tag="035" ind1=" " ind2=" ">
      <subfield code="a">7779168</subfield>
    </datafield>
    <datafield tag="035" ind1=" " ind2=" ">
      <subfield code="a">(OCoLC)ocn855647034</subfield>
      <subfield code="z">(OCoLC)ocn825046469</subfield>
      <subfield code="z">(OCoLC)ocn859238653</subfield>
      <subfield code="z">(OCoLC)ocn859876444</subfield>
    </datafield>
    <datafield tag="035" ind1=" " ind2=" ">
      <subfield code="a">(NjP)7779168-princetondb</subfield>
    </datafield>
    <datafield tag="035" ind1=" " ind2=" ">
      <subfield code="z">(OCoLC)825046469</subfield>
      <subfield code="z">(OCoLC)859238653</subfield>
      <subfield code="z">(OCoLC)859876444</subfield>
    </datafield>
    <datafield tag="040" ind1=" " ind2=" ">
      <subfield code="a">UPZ</subfield>
      <subfield code="b">eng</subfield>
      <subfield code="e">rda</subfield>
      <subfield code="c">UPZ</subfield>
      <subfield code="d">YDXCP</subfield>
      <subfield code="d">BTCTA</subfield>
      <subfield code="d">BDX</subfield>
      <subfield code="d">UKMGB</subfield>
      <subfield code="d">JAI</subfield>
      <subfield code="d">IK2</subfield>
      <subfield code="d">BUR</subfield>
      <subfield code="d">VP@</subfield>
      <subfield code="d">NjP</subfield>
    </datafield>
    <datafield tag="020" ind1=" " ind2=" ">
      <subfield code="a">9780385533119 (hc.)</subfield>
    </datafield>
    <datafield tag="020" ind1=" " ind2=" ">
      <subfield code="a">038553311X (hc.)</subfield>
    </datafield>
    <datafield tag="043" ind1=" " ind2=" ">
      <subfield code="a">n-us---</subfield>
    </datafield>
    <datafield tag="050" ind1=" " ind2="4">
      <subfield code="a">GV865.J32</subfield>
      <subfield code="b">A3 2013</subfield>
    </datafield>
    <datafield tag="019" ind1=" " ind2=" ">
      <subfield code="a">825046469</subfield>
      <subfield code="a">859238653</subfield>
      <subfield code="a">859876444</subfield>
    </datafield>
    <datafield tag="100" ind1="1" ind2=" ">
      <subfield code="a">Jackson, Reggie,</subfield>
      <subfield code="e">author.</subfield>
      <subfield code="0">http://id.loc.gov/authorities/names/n78092861</subfield>
    </datafield>
    <datafield tag="245" ind1="1" ind2="0">
      <subfield code="a">Becoming Mr. October /</subfield>
      <subfield code="c">Reggie Jackson with Kevin Baker.</subfield>
    </datafield>
    <datafield tag="250" ind1=" " ind2=" ">
      <subfield code="a">First edition</subfield>
    </datafield>
    <datafield tag="264" ind1=" " ind2="1">
      <subfield code="a">New York :</subfield>
      <subfield code="b">Doubleday,</subfield>
      <subfield code="c">[2013].</subfield>
    </datafield>
    <datafield tag="264" ind1=" " ind2="4">
      <subfield code="c">©2013</subfield>
    </datafield>
    <datafield tag="300" ind1=" " ind2=" ">
      <subfield code="a">291 pages, 8 un-numbered pages of plates :</subfield>
      <subfield code="b">illustrations ;</subfield>
      <subfield code="c">25 cm.</subfield>
    </datafield>
    <datafield tag="336" ind1=" " ind2=" ">
      <subfield code="a">text</subfield>
      <subfield code="b">txt</subfield>
      <subfield code="2">rdacontent</subfield>
    </datafield>
    <datafield tag="337" ind1=" " ind2=" ">
      <subfield code="a">unmediated</subfield>
      <subfield code="b">n</subfield>
      <subfield code="2">rdamedia</subfield>
    </datafield>
    <datafield tag="338" ind1=" " ind2=" ">
      <subfield code="a">volume</subfield>
      <subfield code="b">nc</subfield>
      <subfield code="2">rdacarrier</subfield>
    </datafield>
    <datafield tag="505" ind1="0" ind2=" ">
      <subfield code="a">Bull in the ring -- Birmingham -- Gunslingers -- Leaving Charlie O. -- "Like a guy trying to hustle a girl in a bar" -- "Any specific player" -- Billy -- The hole in the doughnut -- The article -- Boston -- Eye exam -- Calling my dad -- Hiding in the bathroom -- Pinch hitter -- "Another chapter in the tumultuous life of the Yankees" -- "That's three, mom!" -- Sitting in the rocking chair -- Reggie! Bar -- Here we go again -- Forcing the issue -- "One's a born liar" -- "A very simple game for children" -- Catching Boston -- "I hit it to the Prudential Building" -- "Finding a prize in the weeds" -- Epilogue: "Nothing gold can stay."</subfield>
    </datafield>
    <datafield tag="600" ind1="1" ind2="0">
      <subfield code="a">Jackson, Reggie.</subfield>
      <subfield code="0">http://id.loc.gov/authorities/names/n78092861</subfield>
    </datafield>
    <datafield tag="650" ind1=" " ind2="0">
      <subfield code="a">Baseball players</subfield>
      <subfield code="z">United States</subfield>
      <subfield code="v">Biography.</subfield>
      <subfield code="0">http://id.loc.gov/authorities/subjects/sh2007101902</subfield>
    </datafield>
    <datafield tag="610" ind1="2" ind2="0">
      <subfield code="a">New York Yankees (Baseball team)</subfield>
      <subfield code="0">http://id.loc.gov/authorities/names/n81118918</subfield>
    </datafield>
    <datafield tag="700" ind1="1" ind2=" ">
      <subfield code="a">Baker, Kevin,</subfield>
      <subfield code="d">1958-</subfield>
      <subfield code="e">author.</subfield>
      <subfield code="0">http://id.loc.gov/authorities/names/n96022237</subfield>
    </datafield>
    <datafield tag="852" ind1="0" ind2=" ">
      <subfield code="b">firestone</subfield>
      <subfield code="c">stacks</subfield>
      <subfield code="h">GV865.J32</subfield>
      <subfield code="i">A3 2013</subfield>
      <subfield code="8">22586986570006421</subfield>
    </datafield>
  </record>