
  <record>
    <leader>01539dam a2200385 i 4500</leader>
    <controlfield tag="005">20201001134219.0</controlfield>
    <controlfield tag="008">121105s2013    ohu      b   s001 0 eng  </controlfield>
    <controlfield tag="001">9978151863506421</controlfield>
    <datafield tag="010" ind1=" " ind2=" ">
      <subfield code="a">  2012043635</subfield>
    </datafield>
    <datafield tag="035" ind1=" " ind2=" ">
      <subfield code="a">(OCoLC)ocn818866045</subfield>
    </datafield>
    <datafield tag="035" ind1=" " ind2=" ">
      <subfield code="a">7815186</subfield>
    </datafield>
    <datafield tag="035" ind1=" " ind2=" ">
      <subfield code="a">(OCoLC)818866045</subfield>
    </datafield>
    <datafield tag="035" ind1=" " ind2=" ">
      <subfield code="a">(NjP)7815186-princetondb</subfield>
    </datafield>
    <datafield tag="040" ind1=" " ind2=" ">
      <subfield code="a">DLC</subfield>
      <subfield code="b">eng</subfield>
      <subfield code="e">rda</subfield>
      <subfield code="c">DLC</subfield>
      <subfield code="d">YDX</subfield>
      <subfield code="d">OCLCO</subfield>
      <subfield code="d">YDXCP</subfield>
      <subfield code="d">BTCTA</subfield>
      <subfield code="d">OLC</subfield>
      <subfield code="d">BDX</subfield>
      <subfield code="d">CDX</subfield>
    </datafield>
    <datafield tag="020" ind1=" " ind2=" ">
      <subfield code="a">9781606351673 (pbk.)</subfield>
    </datafield>
    <datafield tag="020" ind1=" " ind2=" ">
      <subfield code="a">1606351672 (pbk.)</subfield>
    </datafield>
    <datafield tag="042" ind1=" " ind2=" ">
      <subfield code="a">pcc</subfield>
    </datafield>
    <datafield tag="043" ind1=" " ind2=" ">
      <subfield code="a">n-us---</subfield>
    </datafield>
    <datafield tag="050" ind1="0" ind2="0">
      <subfield code="a">GV863.A1</subfield>
      <subfield code="b">.H468 2013</subfield>
    </datafield>
    <datafield tag="082" ind1="0" ind2="0">
      <subfield code="a">796.3570973</subfield>
      <subfield code="2">23</subfield>
    </datafield>
    <datafield tag="049" ind1=" " ind2=" ">
      <subfield code="a">PULL</subfield>
    </datafield>
    <datafield tag="100" ind1="1" ind2=" ">
      <subfield code="a">Hermoso, Rafael.</subfield>
      <subfield code="0">http://id.loc.gov/authorities/names/n2012070214</subfield>
    </datafield>
    <datafield tag="245" ind1="1" ind2="0">
      <subfield code="a">Speak English! :</subfield>
      <subfield code="b">the rise of Latinos in baseball /</subfield>
      <subfield code="c">text by Rafael Hermoso ; photographs by Rita Rivera ; foreword by Allan H. "Bud" Selig ; afterword by Omar Minaya.</subfield>
    </datafield>
    <datafield tag="264" ind1=" " ind2="1">
      <subfield code="a">Kent, Ohio :</subfield>
      <subfield code="b">Black Squirrel Books,</subfield>
      <subfield code="c">[2013]</subfield>
    </datafield>
    <datafield tag="300" ind1=" " ind2=" ">
      <subfield code="a">xxiv, 187 pages ;</subfield>
      <subfield code="c">23 cm</subfield>
    </datafield>
    <datafield tag="336" ind1=" " ind2=" ">
      <subfield code="a">text</subfield>
      <subfield code="2">rdacontent</subfield>
    </datafield>
    <datafield tag="337" ind1=" " ind2=" ">
      <subfield code="a">unmediated</subfield>
      <subfield code="2">rdamedia</subfield>
    </datafield>
    <datafield tag="338" ind1=" " ind2=" ">
      <subfield code="a">volume</subfield>
      <subfield code="2">rdacarrier</subfield>
    </datafield>
    <datafield tag="504" ind1=" " ind2=" ">
      <subfield code="a">Includes bibliographical references.</subfield>
    </datafield>
    <datafield tag="504" ind1=" " ind2=" ">
      <subfield code="a">Includes bibliographical references (pages 181-183) and index.</subfield>
    </datafield>
    <datafield tag="650" ind1=" " ind2="0">
      <subfield code="a">Hispanic American baseball players</subfield>
      <subfield code="x">History.</subfield>
    </datafield>
    <datafield tag="650" ind1=" " ind2="0">
      <subfield code="a">Baseball</subfield>
      <subfield code="z">United States</subfield>
      <subfield code="x">History.</subfield>
      <subfield code="0">http://id.loc.gov/authorities/subjects/sh2008117470</subfield>
    </datafield>
    <datafield tag="650" ind1=" " ind2="0">
      <subfield code="a">Racism in sports</subfield>
      <subfield code="z">United States</subfield>
      <subfield code="x">History.</subfield>
    </datafield>
    <datafield tag="651" ind1=" " ind2="0">
      <subfield code="a">United States</subfield>
      <subfield code="x">Race relations.</subfield>
      <subfield code="0">http://id.loc.gov/authorities/subjects/sh85140494</subfield>
    </datafield>
    <datafield tag="852" ind1="0" ind2=" ">
      <subfield code="b">firestone</subfield>
      <subfield code="c">stacks</subfield>
      <subfield code="h">GV863.A1</subfield>
      <subfield code="i">.H468 2013</subfield>
      <subfield code="8">22583086130006421</subfield>
    </datafield>
  </record>