
  <record>
    <leader>00824dam a2200229 a 4500</leader>
    <controlfield tag="005">20201001134220.0</controlfield>
    <controlfield tag="008">130612s2013    xx            000 0 ||| d</controlfield>
    <controlfield tag="001">9978151933506421</controlfield>
    <datafield tag="035" ind1=" " ind2=" ">
      <subfield code="a">7815193</subfield>
    </datafield>
    <datafield tag="035" ind1=" " ind2=" ">
      <subfield code="a">(OCoLC)ocn817595809</subfield>
      <subfield code="z">(OCoLC)ocn859404324</subfield>
    </datafield>
    <datafield tag="035" ind1=" " ind2=" ">
      <subfield code="a">(NjP)7815193-princetondb</subfield>
    </datafield>
    <datafield tag="035" ind1=" " ind2=" ">
      <subfield code="z">(OCoLC)859404324</subfield>
    </datafield>
    <datafield tag="040" ind1=" " ind2=" ">
      <subfield code="a">CDX</subfield>
      <subfield code="c">CDX</subfield>
      <subfield code="d">OCLCO</subfield>
    </datafield>
    <datafield tag="020" ind1=" " ind2=" ">
      <subfield code="a">0786473053</subfield>
    </datafield>
    <datafield tag="020" ind1=" " ind2=" ">
      <subfield code="a">9780786473052</subfield>
    </datafield>
    <datafield tag="050" ind1=" " ind2="4">
      <subfield code="a">GV697.A1</subfield>
      <subfield code="b">P67 2013</subfield>
    </datafield>
    <datafield tag="019" ind1=" " ind2=" ">
      <subfield code="a">859404324</subfield>
    </datafield>
    <datafield tag="100" ind1="1" ind2=" ">
      <subfield code="a">Porter, David L.</subfield>
      <subfield code="0">http://id.loc.gov/authorities/names/n88618935</subfield>
    </datafield>
    <datafield tag="245" ind1="1" ind2="0">
      <subfield code="a">Their greatest victory :</subfield>
      <subfield code="b">24 athletes who overcame disease, disability and injury /</subfield>
      <subfield code="c">David L. Porter.</subfield>
    </datafield>
    <datafield tag="260" ind1=" " ind2=" ">
      <subfield code="a">Jefferson, NC</subfield>
      <subfield code="b">McFarland,</subfield>
      <subfield code="c">2013</subfield>
    </datafield>
    <datafield tag="300" ind1=" " ind2=" ">
      <subfield code="a">275 p.</subfield>
      <subfield code="c">26 cm.</subfield>
    </datafield>
    <datafield tag="650" ind1=" " ind2="0">
      <subfield code="a">Athletes</subfield>
      <subfield code="z">United States</subfield>
      <subfield code="v">Biography.</subfield>
      <subfield code="0">http://id.loc.gov/authorities/subjects/sh2007101556</subfield>
    </datafield>
    <datafield tag="852" ind1="0" ind2=" ">
      <subfield code="b">firestone</subfield>
      <subfield code="c">stacks</subfield>
      <subfield code="h">GV697.A1</subfield>
      <subfield code="i">P67 2013</subfield>
      <subfield code="8">22583129440006421</subfield>
    </datafield>
  </record>