
  <record>
    <leader>01304dam a2200301 i 4500</leader>
    <controlfield tag="005">20201001195706.0</controlfield>
    <controlfield tag="008">130417r20132012enka          001 0 eng d</controlfield>
    <controlfield tag="001">9979304393506421</controlfield>
    <datafield tag="035" ind1=" " ind2=" ">
      <subfield code="a">7930439</subfield>
    </datafield>
    <datafield tag="035" ind1=" " ind2=" ">
      <subfield code="a">(OCoLC)ocn862657485</subfield>
      <subfield code="z">(OCoLC)ocn841184370</subfield>
    </datafield>
    <datafield tag="035" ind1=" " ind2=" ">
      <subfield code="a">(NjP)7930439-princetondb</subfield>
    </datafield>
    <datafield tag="035" ind1=" " ind2=" ">
      <subfield code="z">(OCoLC)841184370</subfield>
    </datafield>
    <datafield tag="040" ind1=" " ind2=" ">
      <subfield code="a">UNITY</subfield>
      <subfield code="b">eng</subfield>
      <subfield code="e">rda</subfield>
      <subfield code="c">UNITY</subfield>
      <subfield code="d">OCLCO</subfield>
      <subfield code="d">CDX</subfield>
      <subfield code="d">BDX</subfield>
    </datafield>
    <datafield tag="020" ind1=" " ind2=" ">
      <subfield code="a">9781408158760 (pbk)</subfield>
    </datafield>
    <datafield tag="020" ind1=" " ind2=" ">
      <subfield code="a">1408158760 (pbk)</subfield>
    </datafield>
    <datafield tag="050" ind1=" " ind2="4">
      <subfield code="a">GV722</subfield>
      <subfield code="b">.M66 2013</subfield>
    </datafield>
    <datafield tag="082" ind1="0" ind2="4">
      <subfield code="a">796.48</subfield>
      <subfield code="2">23</subfield>
    </datafield>
    <datafield tag="019" ind1=" " ind2=" ">
      <subfield code="a">841184370</subfield>
    </datafield>
    <datafield tag="100" ind1="1" ind2=" ">
      <subfield code="a">Moore, Richard,</subfield>
      <subfield code="d">1973-</subfield>
      <subfield code="e">author.</subfield>
      <subfield code="0">http://id.loc.gov/authorities/names/nb2007027164</subfield>
    </datafield>
    <datafield tag="245" ind1="1" ind2="4">
      <subfield code="a">The dirtiest race in history :</subfield>
      <subfield code="b">Ben Johnson, Carl Lewis and the 1988 Olympic 100m final /</subfield>
      <subfield code="c">Richard Moore.</subfield>
    </datafield>
    <datafield tag="300" ind1=" " ind2=" ">
      <subfield code="a">326 pages ;</subfield>
      <subfield code="c">20 cm.</subfield>
    </datafield>
    <datafield tag="500" ind1=" " ind2=" ">
      <subfield code="a">First published in Great Britain 2012.This paperback edition published 2013.</subfield>
    </datafield>
    <datafield tag="504" ind1=" " ind2=" ">
      <subfield code="a">Includes bibliographical references and index.</subfield>
    </datafield>
    <datafield tag="600" ind1="1" ind2="0">
      <subfield code="a">Johnson, Ben,</subfield>
      <subfield code="d">1961-</subfield>
      <subfield code="0">http://id.loc.gov/authorities/names/nb2008020061</subfield>
    </datafield>
    <datafield tag="600" ind1="1" ind2="0">
      <subfield code="a">Lewis, Carl,</subfield>
      <subfield code="d">1961-</subfield>
      <subfield code="0">http://id.loc.gov/authorities/names/n83232052</subfield>
    </datafield>
    <datafield tag="611" ind1="2" ind2="0">
      <subfield code="a">Olympic Games</subfield>
      <subfield code="n">(24th :</subfield>
      <subfield code="d">1988 :</subfield>
      <subfield code="c">Seoul, Korea)</subfield>
      <subfield code="0">http://id.loc.gov/authorities/names/n85274920</subfield>
    </datafield>
    <datafield tag="650" ind1=" " ind2="0">
      <subfield code="a">Doping in sports.</subfield>
      <subfield code="0">http://id.loc.gov/authorities/subjects/sh85039081</subfield>
    </datafield>
    <datafield tag="852" ind1="0" ind2=" ">
      <subfield code="b">firestone</subfield>
      <subfield code="c">stacks</subfield>
      <subfield code="h">GV722</subfield>
      <subfield code="i">.M66 2013</subfield>
      <subfield code="8">22555061150006421</subfield>
    </datafield>
  </record>