
  <record>
    <leader>01388dam a2200325I  4500</leader>
    <controlfield tag="005">20201001193039.0</controlfield>
    <controlfield tag="008">131105s2013    onc           000 0 eng d</controlfield>
    <controlfield tag="001">9979581683506421</controlfield>
    <datafield tag="035" ind1=" " ind2=" ">
      <subfield code="a">(OCoLC)ocn862108458</subfield>
    </datafield>
    <datafield tag="035" ind1=" " ind2=" ">
      <subfield code="a">7958168</subfield>
    </datafield>
    <datafield tag="035" ind1=" " ind2=" ">
      <subfield code="a">(OCoLC)862108458</subfield>
    </datafield>
    <datafield tag="035" ind1=" " ind2=" ">
      <subfield code="a">(NjP)7958168-princetondb</subfield>
    </datafield>
    <datafield tag="040" ind1=" " ind2=" ">
      <subfield code="a">CDX</subfield>
      <subfield code="c">CDX</subfield>
      <subfield code="d">AZU</subfield>
      <subfield code="d">OCLCO</subfield>
      <subfield code="d">UAU</subfield>
      <subfield code="d">NjP</subfield>
    </datafield>
    <datafield tag="020" ind1=" " ind2=" ">
      <subfield code="a">1443418765 (pbk.)</subfield>
    </datafield>
    <datafield tag="020" ind1=" " ind2=" ">
      <subfield code="a">9781443418768 (pbk.)</subfield>
    </datafield>
    <datafield tag="050" ind1=" " ind2="4">
      <subfield code="a">GV713</subfield>
      <subfield code="b">.P43 2013</subfield>
    </datafield>
    <datafield tag="100" ind1="1" ind2=" ">
      <subfield code="a">Peddie, Richard,</subfield>
      <subfield code="d">1947-</subfield>
      <subfield code="e">author.</subfield>
      <subfield code="0">http://id.loc.gov/authorities/names/no2014003269</subfield>
    </datafield>
    <datafield tag="245" ind1="1" ind2="0">
      <subfield code="a">Dream job :</subfield>
      <subfield code="b">my wild ride on the corporate side with the Leafs, the Raptors and TFC /</subfield>
      <subfield code="c">Richard Peddie with Lawrence Scanlan.</subfield>
    </datafield>
    <datafield tag="250" ind1=" " ind2=" ">
      <subfield code="a">First edition.</subfield>
    </datafield>
    <datafield tag="260" ind1=" " ind2=" ">
      <subfield code="a">Toronto :</subfield>
      <subfield code="b">HarperCollins Publishers,</subfield>
      <subfield code="c">[2013]</subfield>
    </datafield>
    <datafield tag="300" ind1=" " ind2=" ">
      <subfield code="a">309 pages ;</subfield>
      <subfield code="c">24 cm</subfield>
    </datafield>
    <datafield tag="600" ind1="1" ind2="0">
      <subfield code="a">Peddie, Richard,</subfield>
      <subfield code="d">1947-</subfield>
      <subfield code="0">http://id.loc.gov/authorities/names/no2014003269</subfield>
    </datafield>
    <datafield tag="610" ind1="2" ind2="0">
      <subfield code="a">Maple Leaf Sports and Entertainment</subfield>
      <subfield code="v">Biography.</subfield>
    </datafield>
    <datafield tag="650" ind1=" " ind2="0">
      <subfield code="a">Chief executive officers</subfield>
      <subfield code="z">Ontario</subfield>
      <subfield code="z">Toronto</subfield>
      <subfield code="v">Biography.</subfield>
    </datafield>
    <datafield tag="650" ind1=" " ind2="0">
      <subfield code="a">Sports</subfield>
      <subfield code="x">Economic aspects.</subfield>
      <subfield code="0">http://id.loc.gov/authorities/subjects/sh85126892</subfield>
    </datafield>
    <datafield tag="650" ind1=" " ind2="0">
      <subfield code="a">Sports administration.</subfield>
      <subfield code="0">http://id.loc.gov/authorities/subjects/sh85126896</subfield>
    </datafield>
    <datafield tag="650" ind1=" " ind2="0">
      <subfield code="a">Sports administration.</subfield>
      <subfield code="0">http://id.loc.gov/authorities/subjects/sh85126896</subfield>
    </datafield>
    <datafield tag="651" ind1=" " ind2="0">
      <subfield code="a">Toronto (Ont.)</subfield>
      <subfield code="v">Biography.</subfield>
    </datafield>
    <datafield tag="852" ind1="0" ind2=" ">
      <subfield code="b">firestone</subfield>
      <subfield code="c">stacks</subfield>
      <subfield code="h">GV713</subfield>
      <subfield code="i">.P43 2013</subfield>
      <subfield code="8">22582785320006421</subfield>
    </datafield>
  </record>