
  <record>
    <leader>02081dam a2200421 i 4500</leader>
    <controlfield tag="005">20201002091435.0</controlfield>
    <controlfield tag="008">130508s2013    ie            000 0 eng  </controlfield>
    <controlfield tag="001">9980097293506421</controlfield>
    <datafield tag="010" ind1=" " ind2=" ">
      <subfield code="a">  2013375866</subfield>
    </datafield>
    <datafield tag="020" ind1=" " ind2=" ">
      <subfield code="a">9781851320639 (hbk.)</subfield>
    </datafield>
    <datafield tag="020" ind1=" " ind2=" ">
      <subfield code="a">1851320636 (hbk.)</subfield>
    </datafield>
    <datafield tag="020" ind1=" " ind2=" ">
      <subfield code="a">9781851320530 (pbk.)</subfield>
    </datafield>
    <datafield tag="020" ind1=" " ind2=" ">
      <subfield code="a">1851320539 (pbk.)</subfield>
    </datafield>
    <datafield tag="035" ind1=" " ind2=" ">
      <subfield code="a">(OCoLC)841907446</subfield>
    </datafield>
    <datafield tag="035" ind1=" " ind2=" ">
      <subfield code="a">(OCoLC)ocn841907446</subfield>
    </datafield>
    <datafield tag="035" ind1=" " ind2=" ">
      <subfield code="a">8009729</subfield>
    </datafield>
    <datafield tag="035" ind1=" " ind2=" ">
      <subfield code="a">(NjP)8009729-princetondb</subfield>
    </datafield>
    <datafield tag="040" ind1=" " ind2=" ">
      <subfield code="a">DLC</subfield>
      <subfield code="b">eng</subfield>
      <subfield code="e">rda</subfield>
      <subfield code="c">DLC</subfield>
      <subfield code="d">EYM</subfield>
      <subfield code="d">OSU</subfield>
      <subfield code="d">CDX</subfield>
      <subfield code="d">YDXCP</subfield>
      <subfield code="d">OCLCF</subfield>
      <subfield code="d">NjP</subfield>
    </datafield>
    <datafield tag="042" ind1=" " ind2=" ">
      <subfield code="a">pcc</subfield>
    </datafield>
    <datafield tag="043" ind1=" " ind2=" ">
      <subfield code="a">e-ie---</subfield>
    </datafield>
    <datafield tag="050" ind1="0" ind2="0">
      <subfield code="a">PR6113.C568</subfield>
      <subfield code="b">P78 2013</subfield>
    </datafield>
    <datafield tag="100" ind1="1" ind2=" ">
      <subfield code="a">McMonagle, Alan,</subfield>
      <subfield code="e">author.</subfield>
      <subfield code="0">http://id.loc.gov/authorities/names/no2008178594</subfield>
    </datafield>
    <datafield tag="245" ind1="1" ind2="0">
      <subfield code="a">Psychotic episodes /</subfield>
      <subfield code="c">Alan McMonagle.</subfield>
    </datafield>
    <datafield tag="264" ind1=" " ind2="1">
      <subfield code="a">Dublin :</subfield>
      <subfield code="b">Arlen House,</subfield>
      <subfield code="c">2013.</subfield>
    </datafield>
    <datafield tag="300" ind1=" " ind2=" ">
      <subfield code="a">192 pages :</subfield>
      <subfield code="c">22 cm</subfield>
    </datafield>
    <datafield tag="336" ind1=" " ind2=" ">
      <subfield code="a">text</subfield>
      <subfield code="2">rdacontent</subfield>
    </datafield>
    <datafield tag="337" ind1=" " ind2=" ">
      <subfield code="a">unmediated</subfield>
      <subfield code="2">rdamedia</subfield>
    </datafield>
    <datafield tag="338" ind1=" " ind2=" ">
      <subfield code="a">volume</subfield>
      <subfield code="2">rdacarrier</subfield>
    </datafield>
    <datafield tag="500" ind1=" " ind2=" ">
      <subfield code="a">NjP copy signed by author.</subfield>
      <subfield code="5">NjP</subfield>
    </datafield>
    <datafield tag="505" ind1="0" ind2="0">
      <subfield code="t">Acknowledgements --</subfield>
      <subfield code="t">Looking after Little Patrick --</subfield>
      <subfield code="t">The storyteller and the thief --</subfield>
      <subfield code="t">Psychotic episodes --</subfield>
      <subfield code="t">Women drivers on Taylor's Hill --</subfield>
      <subfield code="t">Bleeding boy --</subfield>
      <subfield code="t">The night my sister almost fixed me up with a porn star --</subfield>
      <subfield code="t">The good crank --</subfield>
      <subfield code="t">Beside Titan's sea --</subfield>
      <subfield code="t">Bloomsday bus driver --</subfield>
      <subfield code="t">Walking among ruins in Babylon --</subfield>
      <subfield code="t">The mega-million lottery --</subfield>
      <subfield code="t">Runaways --</subfield>
      <subfield code="t">Happy hour --</subfield>
      <subfield code="t">Thai flood --</subfield>
      <subfield code="t">Elizabeth Taylor and the Tour de France cyclist --</subfield>
      <subfield code="t">Gutted --</subfield>
      <subfield code="t">The fortune teller and the rebel --</subfield>
      <subfield code="t">Untouchable --</subfield>
      <subfield code="t">The Spanish Arch whores --</subfield>
      <subfield code="t">About the author.</subfield>
    </datafield>
    <datafield tag="650" ind1=" " ind2="0">
      <subfield code="a">Short stories, English</subfield>
      <subfield code="x">Irish authors.</subfield>
    </datafield>
    <datafield tag="650" ind1=" " ind2="7">
      <subfield code="a">Manners and customs.</subfield>
      <subfield code="2">fast</subfield>
      <subfield code="0">(OCoLC)fst01007815</subfield>
    </datafield>
    <datafield tag="650" ind1=" " ind2="7">
      <subfield code="a">Short stories, English</subfield>
      <subfield code="x">Irish authors.</subfield>
      <subfield code="2">fast</subfield>
      <subfield code="0">(OCoLC)fst01117178</subfield>
    </datafield>
    <datafield tag="651" ind1=" " ind2="0">
      <subfield code="a">Ireland</subfield>
      <subfield code="x">Social life and customs</subfield>
      <subfield code="v">Fiction.</subfield>
      <subfield code="0">http://id.loc.gov/authorities/subjects/sh2008115515</subfield>
    </datafield>
    <datafield tag="651" ind1=" " ind2="7">
      <subfield code="a">Ireland.</subfield>
      <subfield code="2">fast</subfield>
      <subfield code="0">(OCoLC)fst01205427</subfield>
    </datafield>
    <datafield tag="655" ind1=" " ind2="7">
      <subfield code="a">Fiction.</subfield>
      <subfield code="2">fast</subfield>
      <subfield code="0">(OCoLC)fst01423787</subfield>
    </datafield>
    <datafield tag="655" ind1=" " ind2="7">
      <subfield code="a">Fiction.</subfield>
      <subfield code="2">lcgft</subfield>
      <subfield code="0">http://id.loc.gov/authorities/genreForms/gf2014026339</subfield>
    </datafield>
    <datafield tag="852" ind1="0" ind2=" ">
      <subfield code="b">firestone</subfield>
      <subfield code="c">stacks</subfield>
      <subfield code="h">PR6113.C568</subfield>
      <subfield code="i">P78 2013</subfield>
      <subfield code="8">22591897050006421</subfield>
    </datafield>
  </record>