
  <record>
    <leader>02965dam a2200421 i 4500</leader>
    <controlfield tag="005">20201002113820.0</controlfield>
    <controlfield tag="008">130809s2014    nyuaf         001 0aeng  </controlfield>
    <controlfield tag="001">9980821303506421</controlfield>
    <datafield tag="010" ind1=" " ind2=" ">
      <subfield code="a">  2013031041</subfield>
    </datafield>
    <datafield tag="035" ind1=" " ind2=" ">
      <subfield code="a">(OCoLC)ocn844728155</subfield>
    </datafield>
    <datafield tag="035" ind1=" " ind2=" ">
      <subfield code="a">8082130</subfield>
    </datafield>
    <datafield tag="035" ind1=" " ind2=" ">
      <subfield code="a">(OCoLC)844728155</subfield>
    </datafield>
    <datafield tag="035" ind1=" " ind2=" ">
      <subfield code="a">(NjP)8082130-princetondb</subfield>
    </datafield>
    <datafield tag="040" ind1=" " ind2=" ">
      <subfield code="a">DLC</subfield>
      <subfield code="e">rda</subfield>
      <subfield code="b">eng</subfield>
      <subfield code="c">DLC</subfield>
      <subfield code="d">IG#</subfield>
      <subfield code="d">YDXCP</subfield>
      <subfield code="d">BTCTA</subfield>
      <subfield code="d">BDX</subfield>
      <subfield code="d">OCLCO</subfield>
    </datafield>
    <datafield tag="020" ind1=" " ind2=" ">
      <subfield code="a">9781250030429 (hbk.)</subfield>
    </datafield>
    <datafield tag="020" ind1=" " ind2=" ">
      <subfield code="a">1250030420 (hbk.)</subfield>
    </datafield>
    <datafield tag="020" ind1=" " ind2=" ">
      <subfield code="z">9781250030436 (e-book)</subfield>
    </datafield>
    <datafield tag="043" ind1=" " ind2=" ">
      <subfield code="a">n-us---</subfield>
    </datafield>
    <datafield tag="050" ind1="0" ind2="0">
      <subfield code="a">GV734.5</subfield>
      <subfield code="b">.S75 2014</subfield>
    </datafield>
    <datafield tag="082" ind1="0" ind2="0">
      <subfield code="a">338.47796092</subfield>
      <subfield code="a">B</subfield>
      <subfield code="2">23</subfield>
    </datafield>
    <datafield tag="084" ind1=" " ind2=" ">
      <subfield code="a">BIO016000</subfield>
      <subfield code="a">SPO068000</subfield>
      <subfield code="2">bisacsh</subfield>
    </datafield>
    <datafield tag="049" ind1=" " ind2=" ">
      <subfield code="a">PULJ</subfield>
    </datafield>
    <datafield tag="100" ind1="1" ind2=" ">
      <subfield code="a">Steinberg, Leigh.</subfield>
      <subfield code="0">http://id.loc.gov/authorities/names/n98048972</subfield>
    </datafield>
    <datafield tag="245" ind1="1" ind2="4">
      <subfield code="a">The agent :</subfield>
      <subfield code="b">my 40-year career making deals and changing the game /</subfield>
      <subfield code="c">Leigh Steinberg with Michael Arkush ; [foreword by Warren Moon].</subfield>
    </datafield>
    <datafield tag="250" ind1=" " ind2=" ">
      <subfield code="a">First Edition.</subfield>
    </datafield>
    <datafield tag="264" ind1=" " ind2="1">
      <subfield code="a">New York :</subfield>
      <subfield code="b">St. Martin's Press,</subfield>
      <subfield code="c">2014.</subfield>
    </datafield>
    <datafield tag="300" ind1=" " ind2=" ">
      <subfield code="a">xv, 302 pages, 8 unnumbered pages of plates :</subfield>
      <subfield code="b">illustrations ;</subfield>
      <subfield code="c">25 cm.</subfield>
    </datafield>
    <datafield tag="336" ind1=" " ind2=" ">
      <subfield code="a">text</subfield>
      <subfield code="2">rdacontent</subfield>
    </datafield>
    <datafield tag="337" ind1=" " ind2=" ">
      <subfield code="a">unmediated</subfield>
      <subfield code="2">rdamedia</subfield>
    </datafield>
    <datafield tag="338" ind1=" " ind2=" ">
      <subfield code="a">volume</subfield>
      <subfield code="2">rdacarrier</subfield>
    </datafield>
    <datafield tag="500" ind1=" " ind2=" ">
      <subfield code="a">Includes index.</subfield>
    </datafield>
    <datafield tag="504" ind1=" " ind2=" ">
      <subfield code="a">Includes bibliographical references and index.</subfield>
    </datafield>
    <datafield tag="520" ind1=" " ind2=" ">
      <subfield code="a">"Leigh Steinberg is renowned as one of the greatest sports agents in history, representing such All-Pro clients as Troy Aikman, Bruce Smith, and Ben Roethlisberger. Over one particular seven-year stretch, Steinberg represented the top NFL Draft pick an unheard of six times. Director Cameron Crowe credits Steinberg as a primary inspiration for the titular character in Jerry Maguire, even hiring Steinberg as a consultant on the film. Lightyears ahead of his contemporaries, he expanded his players' reach into entertainment. Already the bestselling author of a business book on negotiation, the original superagent is now taking readers behind the closed doors of professional sports, recounting priceless stories, like how he negotiated a $26.5 million package for Steve Young--the biggest ever at the time--and how he passed on the chance to represent Peyton Manning. Beginning with his early days as a student leader at Berkeley, Steinberg details his illustrious rise into pro sports fame, his decades of industry dominance, and how he overcame a series of high-profile struggles to regain his sobriety and launch his comeback. This riveting story takes readers inside the inner circle of top-notch agents and players through the visionary career of Leigh Steinberg, the pre-eminent superagent of our time"--</subfield>
      <subfield code="c">Provided by publisher.</subfield>
    </datafield>
    <datafield tag="600" ind1="1" ind2="0">
      <subfield code="a">Steinberg, Leigh.</subfield>
      <subfield code="0">http://id.loc.gov/authorities/names/n98048972</subfield>
    </datafield>
    <datafield tag="650" ind1=" " ind2="0">
      <subfield code="a">Sports agents</subfield>
      <subfield code="z">United States</subfield>
      <subfield code="v">Biography.</subfield>
    </datafield>
    <datafield tag="700" ind1="1" ind2=" ">
      <subfield code="a">Arkush, Michael.</subfield>
      <subfield code="0">http://id.loc.gov/authorities/names/n93052259</subfield>
    </datafield>
    <datafield tag="856" ind1="4" ind2="2">
      <subfield code="3">Cover image</subfield>
      <subfield code="u">http://www.netread.com/jcusers2/bk1388/429/9781250030429/image/lgcover.9781250030429.jpg</subfield>
    </datafield>
    <datafield tag="852" ind1="0" ind2=" ">
      <subfield code="b">firestone</subfield>
      <subfield code="c">stacks</subfield>
      <subfield code="h">GV734.5</subfield>
      <subfield code="i">.S75 2014</subfield>
      <subfield code="8">22569059100006421</subfield>
    </datafield>
  </record>