
  <record>
    <leader>01283dam a2200325Ma 4500</leader>
    <controlfield tag="005">20201002144315.0</controlfield>
    <controlfield tag="008">131010s2014    onca   e      000 0aeng d</controlfield>
    <controlfield tag="001">9981719813506421</controlfield>
    <datafield tag="035" ind1=" " ind2=" ">
      <subfield code="a">8171981</subfield>
    </datafield>
    <datafield tag="035" ind1=" " ind2=" ">
      <subfield code="a">(OCoLC)ocn861064047</subfield>
      <subfield code="z">(OCoLC)ocn875543768</subfield>
      <subfield code="z">(OCoLC)ocn884738514</subfield>
    </datafield>
    <datafield tag="035" ind1=" " ind2=" ">
      <subfield code="a">(NjP)8171981-princetondb</subfield>
    </datafield>
    <datafield tag="035" ind1=" " ind2=" ">
      <subfield code="z">(OCoLC)875543768</subfield>
      <subfield code="z">(OCoLC)884738514</subfield>
    </datafield>
    <datafield tag="040" ind1=" " ind2=" ">
      <subfield code="a">CNEDM</subfield>
      <subfield code="b">eng</subfield>
      <subfield code="c">CNEDM</subfield>
      <subfield code="d">OCLCO</subfield>
      <subfield code="d">NjP</subfield>
    </datafield>
    <datafield tag="016" ind1=" " ind2=" ">
      <subfield code="a">20139057390\</subfield>
    </datafield>
    <datafield tag="020" ind1=" " ind2=" ">
      <subfield code="a">1443419079</subfield>
    </datafield>
    <datafield tag="020" ind1=" " ind2=" ">
      <subfield code="a">9781443419079</subfield>
    </datafield>
    <datafield tag="043" ind1=" " ind2=" ">
      <subfield code="a">n-cn---</subfield>
      <subfield code="a">e-sp---</subfield>
    </datafield>
    <datafield tag="050" ind1=" " ind2="4">
      <subfield code="a">GV790.92 L39</subfield>
      <subfield code="b">A3 2014</subfield>
    </datafield>
    <datafield tag="055" ind1=" " ind2="0">
      <subfield code="a">GV790.92 L39</subfield>
      <subfield code="b">A3 2014</subfield>
    </datafield>
    <datafield tag="019" ind1=" " ind2=" ">
      <subfield code="a">875543768</subfield>
      <subfield code="a">884738514</subfield>
    </datafield>
    <datafield tag="100" ind1="1" ind2=" ">
      <subfield code="a">Laumann, Silken,</subfield>
      <subfield code="d">1964-</subfield>
      <subfield code="e">author.</subfield>
      <subfield code="0">http://id.loc.gov/authorities/names/no95057591</subfield>
    </datafield>
    <datafield tag="245" ind1="1" ind2="0">
      <subfield code="a">Unsinkable :</subfield>
      <subfield code="b">my untold story /</subfield>
      <subfield code="c">Silken Laumann, with Sylvia Fraser.</subfield>
    </datafield>
    <datafield tag="250" ind1=" " ind2=" ">
      <subfield code="a">First edition</subfield>
    </datafield>
    <datafield tag="260" ind1=" " ind2=" ">
      <subfield code="a">Toronto :</subfield>
      <subfield code="b">HarperCollinsPublishers,</subfield>
      <subfield code="c">c2014.</subfield>
    </datafield>
    <datafield tag="300" ind1=" " ind2=" ">
      <subfield code="a">xii, 292 p. :</subfield>
      <subfield code="b">ill. (some col.) ;</subfield>
      <subfield code="c">24 cm.</subfield>
    </datafield>
    <datafield tag="600" ind1="1" ind2="0">
      <subfield code="a">Laumann, Silken,</subfield>
      <subfield code="d">1964-</subfield>
      <subfield code="0">http://id.loc.gov/authorities/names/no95057591</subfield>
    </datafield>
    <datafield tag="611" ind1="2" ind2="0">
      <subfield code="a">Olympic Games</subfield>
      <subfield code="n">(25th :</subfield>
      <subfield code="d">1992 :</subfield>
      <subfield code="c">Barcelona, Spain)</subfield>
      <subfield code="0">http://id.loc.gov/authorities/names/n88056955</subfield>
    </datafield>
    <datafield tag="650" ind1=" " ind2="0">
      <subfield code="a">Women rowers</subfield>
      <subfield code="z">Canada</subfield>
      <subfield code="v">Biography.</subfield>
    </datafield>
    <datafield tag="700" ind1="1" ind2=" ">
      <subfield code="a">Fraser, Sylvia,</subfield>
      <subfield code="e">author.</subfield>
      <subfield code="0">http://id.loc.gov/authorities/names/n50025474</subfield>
    </datafield>
    <datafield tag="852" ind1="0" ind2=" ">
      <subfield code="b">firestone</subfield>
      <subfield code="c">stacks</subfield>
      <subfield code="h">GV790.92 L39</subfield>
      <subfield code="i">A3 2014</subfield>
      <subfield code="8">22696365090006421</subfield>
    </datafield>
  </record>