
  <record>
    <leader>02384dta a2200361Ia 4500</leader>
    <controlfield tag="005">20200922161815.0</controlfield>
    <controlfield tag="008">060629q19001987xx            000 0 ara d</controlfield>
    <controlfield tag="001">9947906683506421</controlfield>
    <datafield tag="035" ind1=" " ind2=" ">
      <subfield code="a">(OCoLC)ocm70214404</subfield>
    </datafield>
    <datafield tag="035" ind1=" " ind2=" ">
      <subfield code="a">4790668</subfield>
    </datafield>
    <datafield tag="035" ind1=" " ind2=" ">
      <subfield code="a">(NjP)4790668-princetondb</subfield>
    </datafield>
    <datafield tag="040" ind1=" " ind2=" ">
      <subfield code="a">PUL</subfield>
      <subfield code="c">PUL</subfield>
      <subfield code="e">amremm</subfield>
    </datafield>
    <datafield tag="043" ind1=" " ind2=" ">
      <subfield code="a">n-us-nj</subfield>
    </datafield>
    <datafield tag="049" ind1=" " ind2=" ">
      <subfield code="a">PULL</subfield>
    </datafield>
    <datafield tag="100" ind1="1" ind2=" ">
      <subfield code="6">880-01</subfield>
      <subfield code="a">Iṣfahānī, Muḥammad Ismāʻīl ibn al-Sumayʻ.</subfield>
      <subfield code="0">http://id.loc.gov/authorities/names/nr94008918</subfield>
    </datafield>
    <datafield tag="240" ind1="1" ind2="0">
      <subfield code="6">880-02</subfield>
      <subfield code="a">Sharḥ al-Ḥikmah al-ʻarshīyah</subfield>
    </datafield>
    <datafield tag="245" ind1="1" ind2="0">
      <subfield code="6">880-03</subfield>
      <subfield code="a">Sharḥ al-ʻarshīyah /</subfield>
      <subfield code="c">shāriḥuhā al-ʻālim al-kāmil Akhūnd Mullā Ismāʻīl Iṣfahānī.</subfield>
    </datafield>
    <datafield tag="260" ind1=" " ind2=" ">
      <subfield code="c">[19--?]</subfield>
    </datafield>
    <datafield tag="500" ind1=" " ind2=" ">
      <subfield code="a">Ms. component part.</subfield>
    </datafield>
    <datafield tag="500" ind1=" " ind2=" ">
      <subfield code="a">Title from colophon (fol. 92b).</subfield>
    </datafield>
    <datafield tag="520" ind1="8" ind2=" ">
      <subfield code="a">Commentary on al-Ḥikmah al-ʻarshīyah by Mullā Ṣadrā Shīrāzī (Ṣadr al-Dīn Shīrāzī, Muḥammad ibn Ibrāhīm, d. 1641).</subfield>
    </datafield>
    <datafield tag="510" ind1="4" ind2=" ">
      <subfield code="a">Mach, R. and E. Ormsby. Handlist (New Series),</subfield>
      <subfield code="c">307</subfield>
    </datafield>
    <datafield tag="600" ind1="1" ind2="0">
      <subfield code="a">Ṣadr al-Dīn Shīrāzī, Muḥammad ibn Ibrāhīm,</subfield>
      <subfield code="d">d. 1641.</subfield>
      <subfield code="t">Ḥikmah al-ʻarshīyah.</subfield>
    </datafield>
    <datafield tag="650" ind1=" " ind2="0">
      <subfield code="a">Islamic philosophy</subfield>
      <subfield code="z">Iran</subfield>
      <subfield code="y">19th century.</subfield>
    </datafield>
    <datafield tag="650" ind1=" " ind2="0">
      <subfield code="a">Shīʻah</subfield>
      <subfield code="x">Doctrines.</subfield>
      <subfield code="0">http://id.loc.gov/authorities/subjects/sh85121391</subfield>
    </datafield>
    <datafield tag="650" ind1=" " ind2="0">
      <subfield code="a">Manuscripts, Arabic</subfield>
      <subfield code="z">New Jersey</subfield>
      <subfield code="z">Princeton.</subfield>
    </datafield>
    <datafield tag="773" ind1="0" ind2=" ">
      <subfield code="7">nntm</subfield>
      <subfield code="a">Iṣfahānī, Muḥammad Ismāʻīl ibn al-Sumayʻ</subfield>
      <subfield code="t">Sharḥ al-ʻarshīyah ... [etc.],</subfield>
      <subfield code="g">fol. 3b-92b.</subfield>
      <subfield code="w">9947906563506421</subfield>
    </datafield>
    <datafield tag="856" ind1="4" ind2="1">
      <subfield code="u">http://arks.princeton.edu/ark:/88435/1544bp165</subfield>
    </datafield>
    <datafield tag="880" ind1="1" ind2=" ">
      <subfield code="6">100-01/r</subfield>
      <subfield code="a">اصفهاني، محمد اسماعيل بن السميع.</subfield>
    </datafield>
    <datafield tag="880" ind1="1" ind2="0">
      <subfield code="6">240-02/r</subfield>
      <subfield code="a">شرح الحكمة العرشية</subfield>
    </datafield>
    <datafield tag="880" ind1="1" ind2="0">
      <subfield code="6">245-03/r</subfield>
      <subfield code="a">شرح العرشية /</subfield>
      <subfield code="c">شارحها العالم الكامل اخوند ملا اسماعيل اصفهاني</subfield>
    </datafield>
    <datafield tag="880" ind1=" " ind2=" ">
      <subfield code="6">500-00/r</subfield>
      <subfield code="a">Incipit: بسم ... الحمد لله الذى خلقنا بقدرتهثم هدانا الى سبيل معرفته ... وبعد فيقول ... محمد اسماعيل بن سميع الاصفهانى ... انى لما رايت الرسالة الشريفة الموسومة بالحكمة العرشية</subfield>
    </datafield>
    <datafield tag="880" ind1=" " ind2=" ">
      <subfield code="6">500-00/r</subfield>
      <subfield code="a">Explicit: او كان علمه بالمع الاول عين وجوده وبما سواه بالصورة الحاصلة فى المع الاول فلم يكن له تع فى مرتبة ذاته علم بما سواه تع عن ذلك علوا كبيرا</subfield>
    </datafield>
    <datafield tag="852" ind1="8" ind2=" ">
      <subfield code="b">rare</subfield>
      <subfield code="c">hsvm</subfield>
      <subfield code="h">Islamic Manuscripts, New Series no. 34</subfield>
      <subfield code="8">22526639170006421</subfield>
    </datafield>
  </record>