
  <record>
    <leader>02131dam a22003614a 4500</leader>
    <controlfield tag="005">20200922141247.0</controlfield>
    <controlfield tag="008">051207s2006    pauaf         001 0beng  </controlfield>
    <controlfield tag="001">9948291163506421</controlfield>
    <datafield tag="010" ind1=" " ind2=" ">
      <subfield code="a">  2005035749</subfield>
    </datafield>
    <datafield tag="020" ind1=" " ind2=" ">
      <subfield code="a">1594861900 (hardcover : acid-free paper)</subfield>
    </datafield>
    <datafield tag="035" ind1=" " ind2=" ">
      <subfield code="a">(OCoLC)ocm62615881</subfield>
    </datafield>
    <datafield tag="035" ind1=" " ind2=" ">
      <subfield code="a">(DLC) 2005035749</subfield>
    </datafield>
    <datafield tag="035" ind1=" " ind2=" ">
      <subfield code="a">4829116</subfield>
    </datafield>
    <datafield tag="035" ind1=" " ind2=" ">
      <subfield code="a">(NjP)4829116-princetondb</subfield>
    </datafield>
    <datafield tag="040" ind1=" " ind2=" ">
      <subfield code="a">DLC</subfield>
      <subfield code="c">DLC</subfield>
      <subfield code="d">BAKER</subfield>
      <subfield code="d">C#P</subfield>
      <subfield code="d">DLC</subfield>
    </datafield>
    <datafield tag="042" ind1=" " ind2=" ">
      <subfield code="a">pcc</subfield>
    </datafield>
    <datafield tag="043" ind1=" " ind2=" ">
      <subfield code="a">n-us---</subfield>
      <subfield code="a">n-us-or</subfield>
    </datafield>
    <datafield tag="050" ind1="0" ind2="0">
      <subfield code="a">GV697.B68</subfield>
      <subfield code="b">M66 2006</subfield>
    </datafield>
    <datafield tag="082" ind1="0" ind2="0">
      <subfield code="a">796.42092</subfield>
      <subfield code="a">B</subfield>
      <subfield code="2">22</subfield>
    </datafield>
    <datafield tag="100" ind1="1" ind2=" ">
      <subfield code="a">Moore, Kenny,</subfield>
      <subfield code="d">1943-</subfield>
      <subfield code="0">http://id.loc.gov/authorities/names/n81067215</subfield>
    </datafield>
    <datafield tag="245" ind1="1" ind2="0">
      <subfield code="a">Bowerman and the men of Oregon :</subfield>
      <subfield code="b">the story of Oregon's legendary coach and Nike's cofounder /</subfield>
      <subfield code="c">Kenny Moore ; foreword by Phil Knight.</subfield>
    </datafield>
    <datafield tag="260" ind1=" " ind2=" ">
      <subfield code="a">[Emmaus, Pa.] :</subfield>
      <subfield code="b">Rodale :</subfield>
      <subfield code="b">Distributed to the book trade by Holtzbrinck Publishers,</subfield>
      <subfield code="c">c2006.</subfield>
    </datafield>
    <datafield tag="300" ind1=" " ind2=" ">
      <subfield code="a">xvi, 432 p., [32] p. of plates :</subfield>
      <subfield code="b">ill. ;</subfield>
      <subfield code="c">24 cm.</subfield>
    </datafield>
    <datafield tag="500" ind1=" " ind2=" ">
      <subfield code="a">Includes index.</subfield>
    </datafield>
    <datafield tag="505" ind1="0" ind2=" ">
      <subfield code="a">That wild yearning -- Lizzie and the governor -- Wild Bill meets a mule skinner -- Barbara -- The University of Oregon -- Bill Hayward -- Medford -- The tenth mountain division -- First principles -- A friend, a son, a community -- A dynasty begins -- Rome -- Innovation -- The 1962 season -- The AAU dictatorship -- Jogging -- The birth of BRS -- Tokyo -- A curious mind -- Rites of passage -- Lessons inserted -- Mexico City -- Enter, Prefontaine -- BRS becomes Nike -- Munich -- Transit and sorrow -- Legacy -- Rajneeshpuram -- Builderman -- Immortal messages.</subfield>
    </datafield>
    <datafield tag="600" ind1="1" ind2="0">
      <subfield code="a">Bowerman, William J.</subfield>
      <subfield code="0">http://id.loc.gov/authorities/names/n84029406</subfield>
    </datafield>
    <datafield tag="650" ind1=" " ind2="0">
      <subfield code="a">Track and field coaches</subfield>
      <subfield code="z">United States</subfield>
      <subfield code="v">Biography.</subfield>
    </datafield>
    <datafield tag="610" ind1="2" ind2="0">
      <subfield code="a">University of Oregon</subfield>
      <subfield code="x">Track and field.</subfield>
    </datafield>
    <datafield tag="610" ind1="2" ind2="0">
      <subfield code="a">Nike (Firm)</subfield>
      <subfield code="x">History.</subfield>
    </datafield>
    <datafield tag="856" ind1="4" ind2="1">
      <subfield code="3">Table of contents only</subfield>
      <subfield code="u">http://www.loc.gov/catdir/toc/ecip065/2005035749.html</subfield>
    </datafield>
    <datafield tag="856" ind1="4" ind2="2">
      <subfield code="3">Contributor biographical information</subfield>
      <subfield code="u">http://www.loc.gov/catdir/enhancements/fy0623/2005035749-b.html</subfield>
    </datafield>
    <datafield tag="856" ind1="4" ind2="2">
      <subfield code="3">Publisher description</subfield>
      <subfield code="u">http://www.loc.gov/catdir/enhancements/fy0623/2005035749-d.html</subfield>
    </datafield>
    <datafield tag="852" ind1="0" ind2=" ">
      <subfield code="b">firestone</subfield>
      <subfield code="c">stacks</subfield>
      <subfield code="h">GV697.B68</subfield>
      <subfield code="i">M66 2006</subfield>
      <subfield code="8">22526350760006421</subfield>
    </datafield>
  </record>