
  <record>
    <leader>01217dam a2200325Ia 4500</leader>
    <controlfield tag="005">20200922213917.0</controlfield>
    <controlfield tag="008">060908s2006    ilu           000 0deng d</controlfield>
    <controlfield tag="001">9948548773506421</controlfield>
    <datafield tag="010" ind1=" " ind2=" ">
      <subfield code="a">  2006903876</subfield>
    </datafield>
    <datafield tag="035" ind1=" " ind2=" ">
      <subfield code="a">(OCoLC)ocm71195402</subfield>
    </datafield>
    <datafield tag="035" ind1=" " ind2=" ">
      <subfield code="a">4854877</subfield>
    </datafield>
    <datafield tag="035" ind1=" " ind2=" ">
      <subfield code="a">(NjP)4854877-princetondb</subfield>
    </datafield>
    <datafield tag="040" ind1=" " ind2=" ">
      <subfield code="a">TEF</subfield>
      <subfield code="c">TEF</subfield>
      <subfield code="d">BAKER</subfield>
      <subfield code="d">NjP</subfield>
    </datafield>
    <datafield tag="020" ind1=" " ind2=" ">
      <subfield code="a">097614753X</subfield>
    </datafield>
    <datafield tag="024" ind1="3" ind2=" ">
      <subfield code="a">9780976147534</subfield>
    </datafield>
    <datafield tag="050" ind1=" " ind2="4">
      <subfield code="a">GV706.32</subfield>
      <subfield code="b">.F37 2006</subfield>
    </datafield>
    <datafield tag="100" ind1="1" ind2=" ">
      <subfield code="a">Farred, Grant.</subfield>
      <subfield code="0">http://id.loc.gov/authorities/names/n95083340</subfield>
    </datafield>
    <datafield tag="245" ind1="1" ind2="0">
      <subfield code="a">Phantom calls :</subfield>
      <subfield code="b">race and the globalization of the NBA /</subfield>
      <subfield code="c">Grant Farred.</subfield>
    </datafield>
    <datafield tag="260" ind1=" " ind2=" ">
      <subfield code="a">Chicago :</subfield>
      <subfield code="b">Prickly Paradigm Press,</subfield>
      <subfield code="c">c2006.</subfield>
    </datafield>
    <datafield tag="300" ind1=" " ind2=" ">
      <subfield code="a">95 p. ;</subfield>
      <subfield code="c">18 cm.</subfield>
    </datafield>
    <datafield tag="490" ind1="1" ind2=" ">
      <subfield code="a">Paradigm ;</subfield>
      <subfield code="v">23</subfield>
    </datafield>
    <datafield tag="650" ind1=" " ind2="0">
      <subfield code="a">Racism in sports</subfield>
      <subfield code="z">United States.</subfield>
    </datafield>
    <datafield tag="650" ind1=" " ind2="0">
      <subfield code="a">Sports and globalization</subfield>
      <subfield code="z">United States.</subfield>
    </datafield>
    <datafield tag="651" ind1=" " ind2="0">
      <subfield code="a">United States</subfield>
      <subfield code="x">Race relations.</subfield>
      <subfield code="0">http://id.loc.gov/authorities/subjects/sh85140494</subfield>
    </datafield>
    <datafield tag="650" ind1=" " ind2="0">
      <subfield code="a">Basketball</subfield>
      <subfield code="z">United States.</subfield>
    </datafield>
    <datafield tag="610" ind1="2" ind2="0">
      <subfield code="a">National Basketball Association.</subfield>
      <subfield code="0">http://id.loc.gov/authorities/names/n50063691</subfield>
    </datafield>
    <datafield tag="600" ind1="1" ind2="0">
      <subfield code="a">Yao, Ming,</subfield>
      <subfield code="d">1980-</subfield>
      <subfield code="0">http://id.loc.gov/authorities/names/no2003053164</subfield>
    </datafield>
    <datafield tag="830" ind1=" " ind2="0">
      <subfield code="a">Paradigm (Chicago, Ill.) ;</subfield>
      <subfield code="v">23.</subfield>
    </datafield>
    <datafield tag="852" ind1="0" ind2=" ">
      <subfield code="b">firestone</subfield>
      <subfield code="c">stacks</subfield>
      <subfield code="h">GV706.32</subfield>
      <subfield code="i">.F37 2006</subfield>
      <subfield code="8">22505342910006421</subfield>
    </datafield>
  </record>