
  <record>
    <leader>00722dam a2200217 a 4500</leader>
    <controlfield tag="005">20200922195535.0</controlfield>
    <controlfield tag="008">061025s2006    ie            000 1 eng d</controlfield>
    <controlfield tag="001">9949143783506421</controlfield>
    <datafield tag="020" ind1=" " ind2=" ">
      <subfield code="a">1844881121</subfield>
    </datafield>
    <datafield tag="035" ind1=" " ind2=" ">
      <subfield code="a">(OCoLC)76954909</subfield>
    </datafield>
    <datafield tag="035" ind1=" " ind2=" ">
      <subfield code="a">(UkOxBHB)L4737176</subfield>
    </datafield>
    <datafield tag="035" ind1=" " ind2=" ">
      <subfield code="a">4914378</subfield>
    </datafield>
    <datafield tag="035" ind1=" " ind2=" ">
      <subfield code="a">(NjP)4914378-princetondb</subfield>
    </datafield>
    <datafield tag="040" ind1=" " ind2=" ">
      <subfield code="a">UkOxBHB</subfield>
      <subfield code="c">UkOxBHB</subfield>
      <subfield code="d">NjP</subfield>
    </datafield>
    <datafield tag="050" ind1=" " ind2=" ">
      <subfield code="a">aPR6069.T419</subfield>
      <subfield code="b">A22 2006</subfield>
    </datafield>
    <datafield tag="100" ind1="1" ind2=" ">
      <subfield code="a">Stembridge, Gerard,</subfield>
      <subfield code="d">1958-</subfield>
      <subfield code="0">http://id.loc.gov/authorities/names/n96054993</subfield>
    </datafield>
    <datafield tag="245" ind1="1" ind2="0">
      <subfield code="a">According to Luke /</subfield>
      <subfield code="c">Gerard Stembridge.</subfield>
    </datafield>
    <datafield tag="260" ind1=" " ind2=" ">
      <subfield code="a">Dublin :</subfield>
      <subfield code="b">Penguin Ireland,</subfield>
      <subfield code="c">2006.</subfield>
    </datafield>
    <datafield tag="300" ind1=" " ind2=" ">
      <subfield code="a">226 p. ;</subfield>
      <subfield code="c">22 cm.</subfield>
    </datafield>
    <datafield tag="655" ind1=" " ind2="7">
      <subfield code="a">Fiction.</subfield>
      <subfield code="2">lcgft</subfield>
      <subfield code="0">http://id.loc.gov/authorities/genreForms/gf2014026339</subfield>
    </datafield>
    <datafield tag="852" ind1="0" ind2=" ">
      <subfield code="b">firestone</subfield>
      <subfield code="c">stacks</subfield>
      <subfield code="h">PR6069.T419</subfield>
      <subfield code="i">A22 2006</subfield>
      <subfield code="8">22729752980006421</subfield>
    </datafield>
  </record>