
  <record>
    <leader>00811dam a2200241 a 4500</leader>
    <controlfield tag="005">20200922191246.0</controlfield>
    <controlfield tag="008">070110s2006    enk           000 0 eng d</controlfield>
    <controlfield tag="001">9949938623506421</controlfield>
    <datafield tag="035" ind1=" " ind2=" ">
      <subfield code="a">(OCoLC)ocm70128702</subfield>
    </datafield>
    <datafield tag="035" ind1=" " ind2=" ">
      <subfield code="a">(UkOxBHB)L0741960</subfield>
    </datafield>
    <datafield tag="035" ind1=" " ind2=" ">
      <subfield code="a">4993862</subfield>
    </datafield>
    <datafield tag="035" ind1=" " ind2=" ">
      <subfield code="a">(NjP)4993862-princetondb</subfield>
    </datafield>
    <datafield tag="040" ind1=" " ind2=" ">
      <subfield code="a">UKM</subfield>
      <subfield code="c">UKM</subfield>
      <subfield code="d">BWKUK</subfield>
      <subfield code="d">BAKER</subfield>
    </datafield>
    <datafield tag="020" ind1=" " ind2=" ">
      <subfield code="a">190463429X (pbk.)</subfield>
    </datafield>
    <datafield tag="020" ind1=" " ind2=" ">
      <subfield code="a">9781904634294 (pbk.)</subfield>
    </datafield>
    <datafield tag="050" ind1=" " ind2="4">
      <subfield code="a">PR6118.A335</subfield>
      <subfield code="b">G54 2006</subfield>
    </datafield>
    <datafield tag="082" ind1="0" ind2="4">
      <subfield code="a">821.914</subfield>
      <subfield code="2">22</subfield>
    </datafield>
    <datafield tag="100" ind1="1" ind2=" ">
      <subfield code="a">Rae, Simon.</subfield>
      <subfield code="0">http://id.loc.gov/authorities/names/nb2011002079</subfield>
    </datafield>
    <datafield tag="245" ind1="1" ind2="0">
      <subfield code="a">Gift horses /</subfield>
      <subfield code="c">Simon Rae.</subfield>
    </datafield>
    <datafield tag="260" ind1=" " ind2=" ">
      <subfield code="a">London :</subfield>
      <subfield code="b">Enitharmon :</subfield>
      <subfield code="b">Distributed in the UK by Central Books ;</subfield>
      <subfield code="a">Chester Springs, PA :</subfield>
      <subfield code="b">Distributed in the USA by Dufour Editions,</subfield>
      <subfield code="c">2006.</subfield>
    </datafield>
    <datafield tag="300" ind1=" " ind2=" ">
      <subfield code="a">56 p. ;</subfield>
      <subfield code="c">22cm.</subfield>
    </datafield>
    <datafield tag="852" ind1="0" ind2=" ">
      <subfield code="b">firestone</subfield>
      <subfield code="c">stacks</subfield>
      <subfield code="h">PR6118.A335</subfield>
      <subfield code="i">G54 2006</subfield>
      <subfield code="8">22616622800006421</subfield>
    </datafield>
  </record>