
  <record>
    <leader>02128dam a22003014a 4500</leader>
    <controlfield tag="005">20200923215520.0</controlfield>
    <controlfield tag="008">060912s2006    nyu           000 0 eng  </controlfield>
    <controlfield tag="001">9950309553506421</controlfield>
    <datafield tag="010" ind1=" " ind2=" ">
      <subfield code="a">  2006051188</subfield>
    </datafield>
    <datafield tag="035" ind1=" " ind2=" ">
      <subfield code="a">(OCoLC)ocm72161939</subfield>
    </datafield>
    <datafield tag="035" ind1=" " ind2=" ">
      <subfield code="a">5030955</subfield>
    </datafield>
    <datafield tag="035" ind1=" " ind2=" ">
      <subfield code="a">(NjP)5030955-princetondb</subfield>
    </datafield>
    <datafield tag="040" ind1=" " ind2=" ">
      <subfield code="a">DLC</subfield>
      <subfield code="c">DLC</subfield>
      <subfield code="d">YDX</subfield>
      <subfield code="d">BAKER</subfield>
      <subfield code="d">OCO</subfield>
      <subfield code="d">BTCTA</subfield>
      <subfield code="d">YDXCP</subfield>
      <subfield code="d">BUR</subfield>
      <subfield code="d">NjP</subfield>
    </datafield>
    <datafield tag="020" ind1=" " ind2=" ">
      <subfield code="a">0743277139</subfield>
    </datafield>
    <datafield tag="020" ind1=" " ind2=" ">
      <subfield code="a">9780743277136</subfield>
    </datafield>
    <datafield tag="024" ind1="3" ind2=" ">
      <subfield code="a">9780743277136</subfield>
    </datafield>
    <datafield tag="050" ind1="0" ind2="0">
      <subfield code="a">GV717</subfield>
      <subfield code="b">.K66 2006</subfield>
    </datafield>
    <datafield tag="100" ind1="1" ind2=" ">
      <subfield code="a">Konik, Michael.</subfield>
      <subfield code="0">http://id.loc.gov/authorities/names/n99835004</subfield>
    </datafield>
    <datafield tag="245" ind1="1" ind2="4">
      <subfield code="a">The smart money :</subfield>
      <subfield code="b">how the world's best sports bettors beat the bookies out of millions : a memoir /</subfield>
      <subfield code="c">Michael Konik.</subfield>
    </datafield>
    <datafield tag="260" ind1=" " ind2=" ">
      <subfield code="a">New York :</subfield>
      <subfield code="b">Simon &amp; Schuster,</subfield>
      <subfield code="c">c2006.</subfield>
    </datafield>
    <datafield tag="300" ind1=" " ind2=" ">
      <subfield code="a">xviii, 360 p. ;</subfield>
      <subfield code="c">25 cm.</subfield>
    </datafield>
    <datafield tag="520" ind1=" " ind2=" ">
      <subfield code="a">An inside look at the lucrative world of professional high-stakes sports betting by a journalist who lived a secret life as a key operative in the world's most successful sports gambling ring. When Konik landed an interview with Rick "Big Daddy" Matthews, the largest bet he'd ever placed was $200. Konik was no stranger to Vegas, but Matthews was in a different league: the man was rumored to be the world's smartest sports bettor, the mastermind behind "the Brain Trust," a shadowy group known for their expertise in beating the Vegas line. Konik had heard that Matthews was a conniver who would do anything to gain an edge. But he was also brilliant, cunning, and charming. And when he asked Konik if he'd like to "make a little money" during the football season, the writer found himself seduced. So began Konik's wild ride...--From publisher description.</subfield>
    </datafield>
    <datafield tag="650" ind1=" " ind2="0">
      <subfield code="a">Sports betting.</subfield>
      <subfield code="0">http://id.loc.gov/authorities/subjects/sh85126914</subfield>
    </datafield>
    <datafield tag="650" ind1=" " ind2="0">
      <subfield code="a">Gambling.</subfield>
      <subfield code="0">http://id.loc.gov/authorities/subjects/sh85052909</subfield>
    </datafield>
    <datafield tag="856" ind1="4" ind2="2">
      <subfield code="3">Publisher description</subfield>
      <subfield code="u">http://www.loc.gov/catdir/enhancements/fy0668/2006051188-d.html</subfield>
    </datafield>
    <datafield tag="856" ind1="4" ind2="1">
      <subfield code="3">Sample text</subfield>
      <subfield code="u">http://www.loc.gov/catdir/enhancements/fy0702/2006051188-s.html</subfield>
    </datafield>
    <datafield tag="856" ind1="4" ind2="1">
      <subfield code="3">Table of contents only</subfield>
      <subfield code="u">http://www.loc.gov/catdir/enhancements/fy0702/2006051188-t.html</subfield>
    </datafield>
    <datafield tag="852" ind1="0" ind2=" ">
      <subfield code="b">firestone</subfield>
      <subfield code="c">stacks</subfield>
      <subfield code="h">GV717</subfield>
      <subfield code="i">.K66 2006</subfield>
      <subfield code="8">22688333160006421</subfield>
    </datafield>
  </record>