
  <record>
    <leader>01455dam a2200409 a 4500</leader>
    <controlfield tag="005">20200923200700.0</controlfield>
    <controlfield tag="008">070204s2007    onc      b    001 0deng  </controlfield>
    <controlfield tag="001">9950669013506421</controlfield>
    <datafield tag="010" ind1=" " ind2=" ">
      <subfield code="a">  2007617356</subfield>
    </datafield>
    <datafield tag="035" ind1=" " ind2=" ">
      <subfield code="a">(OCoLC)ocm70062619</subfield>
    </datafield>
    <datafield tag="035" ind1=" " ind2=" ">
      <subfield code="a">(OrLoB)R9624641</subfield>
    </datafield>
    <datafield tag="035" ind1=" " ind2=" ">
      <subfield code="a">5066901</subfield>
    </datafield>
    <datafield tag="035" ind1=" " ind2=" ">
      <subfield code="a">(OCoLC)70062619</subfield>
    </datafield>
    <datafield tag="035" ind1=" " ind2=" ">
      <subfield code="a">(NjP)5066901-princetondb</subfield>
    </datafield>
    <datafield tag="040" ind1=" " ind2=" ">
      <subfield code="a">NLC</subfield>
      <subfield code="c">NLC</subfield>
      <subfield code="d">DLC</subfield>
      <subfield code="d">BAKER</subfield>
      <subfield code="d">YDXCP</subfield>
      <subfield code="d">VP@</subfield>
      <subfield code="d">NjP</subfield>
    </datafield>
    <datafield tag="016" ind1=" " ind2=" ">
      <subfield code="a">20069031592</subfield>
    </datafield>
    <datafield tag="020" ind1=" " ind2=" ">
      <subfield code="a">0195419871</subfield>
    </datafield>
    <datafield tag="024" ind1="3" ind2=" ">
      <subfield code="a">9780195419870</subfield>
    </datafield>
    <datafield tag="042" ind1=" " ind2=" ">
      <subfield code="a">lccopycat</subfield>
    </datafield>
    <datafield tag="043" ind1=" " ind2=" ">
      <subfield code="a">n-cn---</subfield>
    </datafield>
    <datafield tag="050" ind1="0" ind2="0">
      <subfield code="a">GV706.5</subfield>
      <subfield code="b">.S69313 2007</subfield>
    </datafield>
    <datafield tag="055" ind1="0" ind2="1">
      <subfield code="a">GV706.5</subfield>
    </datafield>
    <datafield tag="055" ind1=" " ind2="0">
      <subfield code="a">GV706.5</subfield>
      <subfield code="b">S657 2006</subfield>
    </datafield>
    <datafield tag="055" ind1="0" ind2="0">
      <subfield code="a">GV706 .5</subfield>
      <subfield code="b">S657 2007</subfield>
    </datafield>
    <datafield tag="082" ind1="0" ind2="4">
      <subfield code="a">306.4/830971</subfield>
      <subfield code="2">22</subfield>
    </datafield>
    <datafield tag="245" ind1="0" ind2="0">
      <subfield code="a">Sport and gender in Canada /</subfield>
      <subfield code="c">edited by Kevin Young and Philip White.</subfield>
    </datafield>
    <datafield tag="250" ind1=" " ind2=" ">
      <subfield code="a">2nd ed.</subfield>
    </datafield>
    <datafield tag="260" ind1=" " ind2=" ">
      <subfield code="a">Don Mills, Ont. ;</subfield>
      <subfield code="a">New York :</subfield>
      <subfield code="b">Oxford University Press,</subfield>
      <subfield code="c">c2007.</subfield>
    </datafield>
    <datafield tag="300" ind1=" " ind2=" ">
      <subfield code="a">xxi, 338 p. ;</subfield>
      <subfield code="c">23 cm.</subfield>
    </datafield>
    <datafield tag="504" ind1=" " ind2=" ">
      <subfield code="a">Includes bibliographical references and index.</subfield>
    </datafield>
    <datafield tag="650" ind1=" " ind2="0">
      <subfield code="a">Sex discrimination in sports</subfield>
      <subfield code="z">Canada.</subfield>
    </datafield>
    <datafield tag="650" ind1=" " ind2="0">
      <subfield code="a">Sports</subfield>
      <subfield code="x">Sociological aspects.</subfield>
      <subfield code="0">http://id.loc.gov/authorities/subjects/sh89006507</subfield>
    </datafield>
    <datafield tag="650" ind1=" " ind2="0">
      <subfield code="a">Sports</subfield>
      <subfield code="x">Social aspects</subfield>
      <subfield code="z">Canada.</subfield>
      <subfield code="0">http://id.loc.gov/authorities/subjects/sh2010114567</subfield>
    </datafield>
    <datafield tag="700" ind1="1" ind2=" ">
      <subfield code="a">Young, Kevin,</subfield>
      <subfield code="d">1959-</subfield>
      <subfield code="0">http://id.loc.gov/authorities/names/no00001249</subfield>
    </datafield>
    <datafield tag="700" ind1="1" ind2=" ">
      <subfield code="a">White, Philip,</subfield>
      <subfield code="d">1952-</subfield>
      <subfield code="0">http://id.loc.gov/authorities/names/no00001274</subfield>
    </datafield>
    <datafield tag="852" ind1="0" ind2=" ">
      <subfield code="b">firestone</subfield>
      <subfield code="c">stacks</subfield>
      <subfield code="h">GV706.5</subfield>
      <subfield code="i">.S69313 2007</subfield>
      <subfield code="8">22671697140006421</subfield>
    </datafield>
  </record>