
  <record>
    <leader>01647dam a22003734a 4500</leader>
    <controlfield tag="005">20200924101248.0</controlfield>
    <controlfield tag="008">061001s2007    wiu          s000 1 eng  </controlfield>
    <controlfield tag="001">9951407433506421</controlfield>
    <datafield tag="010" ind1=" " ind2=" ">
      <subfield code="a">  2006031769</subfield>
    </datafield>
    <datafield tag="020" ind1=" " ind2=" ">
      <subfield code="a">0299222608 (alk. paper)</subfield>
    </datafield>
    <datafield tag="020" ind1=" " ind2=" ">
      <subfield code="a">9780299222604 (alk. paper)</subfield>
    </datafield>
    <datafield tag="035" ind1=" " ind2=" ">
      <subfield code="a">(OCoLC)OCM71946329</subfield>
    </datafield>
    <datafield tag="035" ind1=" " ind2=" ">
      <subfield code="a">5140743</subfield>
    </datafield>
    <datafield tag="035" ind1=" " ind2=" ">
      <subfield code="a">(OCoLC)71946329</subfield>
    </datafield>
    <datafield tag="035" ind1=" " ind2=" ">
      <subfield code="a">(NjP)5140743-princetondb</subfield>
    </datafield>
    <datafield tag="040" ind1=" " ind2=" ">
      <subfield code="a">DLC</subfield>
      <subfield code="c">DLC</subfield>
      <subfield code="d">BAKER</subfield>
      <subfield code="d">BTCTA</subfield>
      <subfield code="d">GZM</subfield>
      <subfield code="d">C#P</subfield>
    </datafield>
    <datafield tag="043" ind1=" " ind2=" ">
      <subfield code="a">f-nr---</subfield>
    </datafield>
    <datafield tag="050" ind1="0" ind2="0">
      <subfield code="a">PR6114.E946</subfield>
      <subfield code="b">W47 2007</subfield>
    </datafield>
    <datafield tag="082" ind1="0" ind2="0">
      <subfield code="a">823/.92</subfield>
      <subfield code="2">22</subfield>
    </datafield>
    <datafield tag="100" ind1="1" ind2=" ">
      <subfield code="a">Newington, Nina,</subfield>
      <subfield code="d">1958-</subfield>
      <subfield code="0">http://id.loc.gov/authorities/names/n2006076483</subfield>
    </datafield>
    <datafield tag="245" ind1="1" ind2="0">
      <subfield code="a">Where bones dance :</subfield>
      <subfield code="b">an English girlhood, an African war /</subfield>
      <subfield code="c">Nina Newington.</subfield>
    </datafield>
    <datafield tag="260" ind1=" " ind2=" ">
      <subfield code="a">Madison :</subfield>
      <subfield code="b">Terrace Books,</subfield>
      <subfield code="c">c2007.</subfield>
    </datafield>
    <datafield tag="300" ind1=" " ind2=" ">
      <subfield code="a">xvi, 301 p. ;</subfield>
      <subfield code="c">24 cm.</subfield>
    </datafield>
    <datafield tag="650" ind1=" " ind2="0">
      <subfield code="a">Children</subfield>
      <subfield code="v">Fiction.</subfield>
      <subfield code="0">http://id.loc.gov/authorities/subjects/sh85023446</subfield>
    </datafield>
    <datafield tag="650" ind1=" " ind2="0">
      <subfield code="a">British</subfield>
      <subfield code="z">Nigeria</subfield>
      <subfield code="v">Fiction.</subfield>
    </datafield>
    <datafield tag="651" ind1=" " ind2="0">
      <subfield code="a">Nigeria</subfield>
      <subfield code="x">History</subfield>
      <subfield code="y">1960-</subfield>
      <subfield code="v">Fiction.</subfield>
    </datafield>
    <datafield tag="651" ind1=" " ind2="0">
      <subfield code="a">Nigeria</subfield>
      <subfield code="x">History</subfield>
      <subfield code="y">Civil War, 1967-1970</subfield>
      <subfield code="v">Fiction.</subfield>
    </datafield>
    <datafield tag="655" ind1=" " ind2="7">
      <subfield code="a">Fiction.</subfield>
      <subfield code="2">lcgft</subfield>
      <subfield code="0">http://id.loc.gov/authorities/genreForms/gf2014026339</subfield>
    </datafield>
    <datafield tag="655" ind1=" " ind2="7">
      <subfield code="a">Fiction.</subfield>
      <subfield code="2">lcgft</subfield>
      <subfield code="0">http://id.loc.gov/authorities/genreForms/gf2014026339</subfield>
    </datafield>
    <datafield tag="856" ind1="4" ind2="1">
      <subfield code="3">Table of contents only</subfield>
      <subfield code="u">http://www.loc.gov/catdir/toc/ecip072/2006031769.html</subfield>
    </datafield>
    <datafield tag="856" ind1="4" ind2="2">
      <subfield code="3">Contributor biographical information</subfield>
      <subfield code="u">http://www.loc.gov/catdir/enhancements/fy0702/2006031769-b.html</subfield>
    </datafield>
    <datafield tag="856" ind1="4" ind2="2">
      <subfield code="3">Publisher description</subfield>
      <subfield code="u">http://www.loc.gov/catdir/enhancements/fy0702/2006031769-d.html</subfield>
    </datafield>
    <datafield tag="856" ind1="4" ind2="1">
      <subfield code="3">Sample text</subfield>
      <subfield code="u">http://www.loc.gov/catdir/enhancements/fy0702/2006031769-s.html</subfield>
    </datafield>
    <datafield tag="852" ind1="0" ind2=" ">
      <subfield code="b">firestone</subfield>
      <subfield code="c">stacks</subfield>
      <subfield code="h">PR6114.E946</subfield>
      <subfield code="i">W47 2007</subfield>
      <subfield code="8">22746819640006421</subfield>
    </datafield>
  </record>