
  <record>
    <leader>01158dam a2200313 a 4500</leader>
    <controlfield tag="005">20200924111634.0</controlfield>
    <controlfield tag="008">000719s1999    at ab    b    000 0 eng d</controlfield>
    <controlfield tag="001">9951635463506421</controlfield>
    <datafield tag="010" ind1=" " ind2=" ">
      <subfield code="a">   00363701 </subfield>
    </datafield>
    <datafield tag="035" ind1=" " ind2=" ">
      <subfield code="a">(OCoLC)ocm42259046</subfield>
    </datafield>
    <datafield tag="035" ind1=" " ind2=" ">
      <subfield code="a">5163546</subfield>
    </datafield>
    <datafield tag="035" ind1=" " ind2=" ">
      <subfield code="a">(OCoLC)42259046</subfield>
    </datafield>
    <datafield tag="035" ind1=" " ind2=" ">
      <subfield code="a">(NjP)5163546-princetondb</subfield>
    </datafield>
    <datafield tag="040" ind1=" " ind2=" ">
      <subfield code="a">ANL</subfield>
      <subfield code="c">DLC</subfield>
      <subfield code="d">OLY</subfield>
      <subfield code="d">BTCTA</subfield>
    </datafield>
    <datafield tag="020" ind1=" " ind2=" ">
      <subfield code="a">0958707987 (pbk.)</subfield>
    </datafield>
    <datafield tag="020" ind1=" " ind2=" ">
      <subfield code="a">9780958707985 (pbk.)</subfield>
    </datafield>
    <datafield tag="020" ind1=" " ind2=" ">
      <subfield code="a">0958707960 (hbk.)</subfield>
    </datafield>
    <datafield tag="020" ind1=" " ind2=" ">
      <subfield code="a">9780958707961 (hbk.)</subfield>
    </datafield>
    <datafield tag="042" ind1=" " ind2=" ">
      <subfield code="a">lccopycat</subfield>
    </datafield>
    <datafield tag="043" ind1=" " ind2=" ">
      <subfield code="a">u-at---</subfield>
    </datafield>
    <datafield tag="050" ind1="0" ind2="0">
      <subfield code="a">GV721.92</subfield>
      <subfield code="b">.C34 1999</subfield>
    </datafield>
    <datafield tag="100" ind1="1" ind2=" ">
      <subfield code="a">Cahill, Janet.</subfield>
      <subfield code="0">http://id.loc.gov/authorities/names/n00101179</subfield>
    </datafield>
    <datafield tag="245" ind1="1" ind2="0">
      <subfield code="a">Running towards Sydney 2000 :</subfield>
      <subfield code="b">the Olympic flame &amp; torch /</subfield>
      <subfield code="c">Janet Cahill.</subfield>
    </datafield>
    <datafield tag="260" ind1=" " ind2=" ">
      <subfield code="a">Petersham, N.S.W. :</subfield>
      <subfield code="b">Walla Walla Press,</subfield>
      <subfield code="c">1999.</subfield>
    </datafield>
    <datafield tag="300" ind1=" " ind2=" ">
      <subfield code="a">95 p. :</subfield>
      <subfield code="b">ill. (some col.), 2 col. maps ;</subfield>
      <subfield code="c">23 cm.</subfield>
    </datafield>
    <datafield tag="520" ind1=" " ind2=" ">
      <subfield code="a">"AMP is the presenting Partner of the Sydney 2000 Olympic Torch Relay and is the sponsor of this unique history of the Olympic torch"--back cover.</subfield>
    </datafield>
    <datafield tag="611" ind1="2" ind2="0">
      <subfield code="a">Olympic Torch Relay</subfield>
      <subfield code="x">History.</subfield>
    </datafield>
    <datafield tag="611" ind1="2" ind2="0">
      <subfield code="a">Olympic Torch Relay</subfield>
      <subfield code="d">(2000 :</subfield>
      <subfield code="c">Australia)</subfield>
    </datafield>
    <datafield tag="852" ind1="0" ind2=" ">
      <subfield code="b">firestone</subfield>
      <subfield code="c">stacks</subfield>
      <subfield code="h">GV721.92</subfield>
      <subfield code="i">.C34 1999</subfield>
      <subfield code="8">22491778230006421</subfield>
    </datafield>
  </record>