
  <record>
    <leader>01950dam a22003374a 4500</leader>
    <controlfield tag="005">20200924113200.0</controlfield>
    <controlfield tag="008">070228s2007    nyu           000 0deng  </controlfield>
    <controlfield tag="001">9951768943506421</controlfield>
    <datafield tag="010" ind1=" " ind2=" ">
      <subfield code="a">  2007008637</subfield>
    </datafield>
    <datafield tag="020" ind1=" " ind2=" ">
      <subfield code="a">9780312362232</subfield>
    </datafield>
    <datafield tag="020" ind1=" " ind2=" ">
      <subfield code="a">0312362234</subfield>
    </datafield>
    <datafield tag="035" ind1=" " ind2=" ">
      <subfield code="a">(OCoLC)OCM85833297</subfield>
    </datafield>
    <datafield tag="035" ind1=" " ind2=" ">
      <subfield code="a">5176894</subfield>
    </datafield>
    <datafield tag="035" ind1=" " ind2=" ">
      <subfield code="a">(OCoLC)85833297</subfield>
    </datafield>
    <datafield tag="035" ind1=" " ind2=" ">
      <subfield code="a">(NjP)5176894-princetondb</subfield>
    </datafield>
    <datafield tag="040" ind1=" " ind2=" ">
      <subfield code="a">DLC</subfield>
      <subfield code="c">DLC</subfield>
      <subfield code="d">DOV</subfield>
      <subfield code="d">BAKER</subfield>
      <subfield code="d">BTCTA</subfield>
      <subfield code="d">C#P</subfield>
    </datafield>
    <datafield tag="043" ind1=" " ind2=" ">
      <subfield code="a">n-us---</subfield>
    </datafield>
    <datafield tag="050" ind1="0" ind2="0">
      <subfield code="a">GV742.42.K87</subfield>
      <subfield code="b">A3 2007</subfield>
    </datafield>
    <datafield tag="082" ind1="0" ind2="0">
      <subfield code="a">796.092</subfield>
      <subfield code="a">B</subfield>
      <subfield code="2">22</subfield>
    </datafield>
    <datafield tag="100" ind1="1" ind2=" ">
      <subfield code="a">Kurkjian, Tim.</subfield>
      <subfield code="0">http://id.loc.gov/authorities/names/n99274613</subfield>
    </datafield>
    <datafield tag="245" ind1="1" ind2="0">
      <subfield code="a">Is this a great game, or what? :</subfield>
      <subfield code="b">from A-Rod's heart to Zim's head-- my 25 years in baseball /</subfield>
      <subfield code="c">Tim Kurkjian.</subfield>
    </datafield>
    <datafield tag="250" ind1=" " ind2=" ">
      <subfield code="a">1st ed.</subfield>
    </datafield>
    <datafield tag="260" ind1=" " ind2=" ">
      <subfield code="a">New York :</subfield>
      <subfield code="b">St. Martin's Press,</subfield>
      <subfield code="c">2007.</subfield>
    </datafield>
    <datafield tag="300" ind1=" " ind2=" ">
      <subfield code="a">viii, 258 p. ;</subfield>
      <subfield code="c">22 cm.</subfield>
    </datafield>
    <datafield tag="505" ind1="0" ind2=" ">
      <subfield code="a">Introduction -- My mom was my catcher -- Business--but it's a pleasure -- I'll beat you playing from my knees -- Phil Niekro's teeth -- I'm old, I'm fat, I'm bald, I'm ugly, I have a plate in my head -- My face was crushed by a bowling ball going 90 mph -- I need it now--stat -- Signs, signs, everywhere a sign -- I'm whacked -- There was a blimp in left field -- The sun will rise, the sun will set, and I'll have lunch -- It's ambidextrous, not amphibious -- Angel, my man -- Why can't there be a left-handed catcher? -- Just grab that bat as tight as you can, son -- I love ketchup -- Acknowledgments.</subfield>
    </datafield>
    <datafield tag="600" ind1="1" ind2="0">
      <subfield code="a">Kurkjian, Tim.</subfield>
      <subfield code="0">http://id.loc.gov/authorities/names/n99274613</subfield>
    </datafield>
    <datafield tag="650" ind1=" " ind2="0">
      <subfield code="a">Sportscasters</subfield>
      <subfield code="z">United States</subfield>
      <subfield code="v">Biography.</subfield>
      <subfield code="0">http://id.loc.gov/authorities/subjects/sh2008112212</subfield>
    </datafield>
    <datafield tag="650" ind1=" " ind2="0">
      <subfield code="a">Baseball</subfield>
      <subfield code="z">United States</subfield>
      <subfield code="v">Anecdotes.</subfield>
      <subfield code="0">http://id.loc.gov/authorities/subjects/sh2009116830</subfield>
    </datafield>
    <datafield tag="655" ind1=" " ind2="7">
      <subfield code="a">Anecdotes.</subfield>
      <subfield code="2">lcgft</subfield>
      <subfield code="0">http://id.loc.gov/authorities/genreForms/gf2014026044</subfield>
    </datafield>
    <datafield tag="856" ind1="4" ind2="1">
      <subfield code="3">Table of contents only</subfield>
      <subfield code="u">http://www.loc.gov/catdir/toc/ecip0712/2007008637.html</subfield>
    </datafield>
    <datafield tag="852" ind1="0" ind2=" ">
      <subfield code="b">firestone</subfield>
      <subfield code="c">stacks</subfield>
      <subfield code="h">GV742.42.K87</subfield>
      <subfield code="i">A3 2007</subfield>
      <subfield code="8">22721782770006421</subfield>
    </datafield>
  </record>