
  <record>
    <leader>01726dam a22003854a 4500</leader>
    <controlfield tag="005">20200924103635.0</controlfield>
    <controlfield tag="008">070522s2007    nyua     b    001 0ceng  </controlfield>
    <controlfield tag="001">9951881833506421</controlfield>
    <datafield tag="010" ind1=" " ind2=" ">
      <subfield code="a">  2007008926</subfield>
    </datafield>
    <datafield tag="035" ind1=" " ind2=" ">
      <subfield code="a">(OCoLC)ocm86038018</subfield>
    </datafield>
    <datafield tag="035" ind1=" " ind2=" ">
      <subfield code="a">5188183</subfield>
    </datafield>
    <datafield tag="035" ind1=" " ind2=" ">
      <subfield code="a">(OCoLC)86038018</subfield>
    </datafield>
    <datafield tag="035" ind1=" " ind2=" ">
      <subfield code="a">(NjP)5188183-princetondb</subfield>
    </datafield>
    <datafield tag="040" ind1=" " ind2=" ">
      <subfield code="a">DLC</subfield>
      <subfield code="c">DLC</subfield>
      <subfield code="d">BAKER</subfield>
      <subfield code="d">BTCTA</subfield>
      <subfield code="d">C#P</subfield>
    </datafield>
    <datafield tag="020" ind1=" " ind2=" ">
      <subfield code="a">9780312361594</subfield>
    </datafield>
    <datafield tag="020" ind1=" " ind2=" ">
      <subfield code="a">0312361599</subfield>
    </datafield>
    <datafield tag="043" ind1=" " ind2=" ">
      <subfield code="a">n-us---</subfield>
    </datafield>
    <datafield tag="050" ind1="0" ind2="0">
      <subfield code="a">GV865.A1</subfield>
      <subfield code="b">S725 2007</subfield>
    </datafield>
    <datafield tag="082" ind1="0" ind2="0">
      <subfield code="a">796.357092/2</subfield>
      <subfield code="a">B</subfield>
      <subfield code="2">22</subfield>
    </datafield>
    <datafield tag="100" ind1="1" ind2=" ">
      <subfield code="a">Stanton, Tom,</subfield>
      <subfield code="d">1960-</subfield>
      <subfield code="0">http://id.loc.gov/authorities/names/n2001027821</subfield>
    </datafield>
    <datafield tag="245" ind1="1" ind2="0">
      <subfield code="a">Ty and the Babe :</subfield>
      <subfield code="b">baseball's fiercest rivals : a surprising friendship and the 1941 has-beens golf championship /</subfield>
      <subfield code="c">Tom Stanton.</subfield>
    </datafield>
    <datafield tag="250" ind1=" " ind2=" ">
      <subfield code="a">1st ed.</subfield>
    </datafield>
    <datafield tag="260" ind1=" " ind2=" ">
      <subfield code="a">New York :</subfield>
      <subfield code="b">Thomas Dunne Books/St. Martin's Press,</subfield>
      <subfield code="c">2007.</subfield>
    </datafield>
    <datafield tag="300" ind1=" " ind2=" ">
      <subfield code="a">xiii, 290 p. :</subfield>
      <subfield code="b">ill ;</subfield>
      <subfield code="c">22 cm.</subfield>
    </datafield>
    <datafield tag="504" ind1=" " ind2=" ">
      <subfield code="a">Includes bibliographical references (p. [275]-279) and index.</subfield>
    </datafield>
    <datafield tag="600" ind1="1" ind2="0">
      <subfield code="a">Cobb, Ty,</subfield>
      <subfield code="d">1886-1961.</subfield>
      <subfield code="0">http://id.loc.gov/authorities/names/n84009409</subfield>
    </datafield>
    <datafield tag="600" ind1="1" ind2="0">
      <subfield code="a">Ruth, Babe,</subfield>
      <subfield code="d">1895-1948.</subfield>
      <subfield code="0">http://id.loc.gov/authorities/names/n79141360</subfield>
    </datafield>
    <datafield tag="650" ind1=" " ind2="0">
      <subfield code="a">Baseball players</subfield>
      <subfield code="z">United States</subfield>
      <subfield code="v">Biography.</subfield>
      <subfield code="0">http://id.loc.gov/authorities/subjects/sh2007101902</subfield>
    </datafield>
    <datafield tag="650" ind1=" " ind2="0">
      <subfield code="a">Male friendship</subfield>
      <subfield code="z">United States.</subfield>
    </datafield>
    <datafield tag="650" ind1=" " ind2="0">
      <subfield code="a">Golf.</subfield>
      <subfield code="0">http://id.loc.gov/authorities/subjects/sh85055804</subfield>
    </datafield>
    <datafield tag="856" ind1="4" ind2="1">
      <subfield code="3">Table of contents only</subfield>
      <subfield code="u">http://www.loc.gov/catdir/toc/ecip0713/2007008926.html</subfield>
    </datafield>
    <datafield tag="856" ind1="4" ind2="2">
      <subfield code="3">Contributor biographical information</subfield>
      <subfield code="u">http://www.loc.gov/catdir/enhancements/fy0711/2007008926-b.html</subfield>
    </datafield>
    <datafield tag="856" ind1="4" ind2="2">
      <subfield code="3">Publisher description</subfield>
      <subfield code="u">http://www.loc.gov/catdir/enhancements/fy0711/2007008926-d.html</subfield>
    </datafield>
    <datafield tag="852" ind1="0" ind2=" ">
      <subfield code="b">firestone</subfield>
      <subfield code="c">stacks</subfield>
      <subfield code="h">GV865.A1</subfield>
      <subfield code="i">S725 2007</subfield>
      <subfield code="8">22553188190006421</subfield>
    </datafield>
  </record>