
  <record>
    <leader>01993dam a2200337 a 4500</leader>
    <controlfield tag="005">20200924104310.0</controlfield>
    <controlfield tag="008">070122s2007    ncu      b    001 0 eng  </controlfield>
    <controlfield tag="001">9952061173506421</controlfield>
    <datafield tag="010" ind1=" " ind2=" ">
      <subfield code="a">  2007000880</subfield>
    </datafield>
    <datafield tag="035" ind1=" " ind2=" ">
      <subfield code="a">(OCoLC)ocm80179951</subfield>
    </datafield>
    <datafield tag="035" ind1=" " ind2=" ">
      <subfield code="a">(DLC) 2007000880</subfield>
    </datafield>
    <datafield tag="035" ind1=" " ind2=" ">
      <subfield code="a">5206117</subfield>
    </datafield>
    <datafield tag="035" ind1=" " ind2=" ">
      <subfield code="a">(OCoLC)80179951</subfield>
    </datafield>
    <datafield tag="035" ind1=" " ind2=" ">
      <subfield code="a">(NjP)5206117-princetondb</subfield>
    </datafield>
    <datafield tag="040" ind1=" " ind2=" ">
      <subfield code="a">DLC</subfield>
      <subfield code="c">DLC</subfield>
      <subfield code="d">YDX</subfield>
      <subfield code="d">BAKER</subfield>
      <subfield code="d">BTCTA</subfield>
      <subfield code="d">YDXCP</subfield>
      <subfield code="d">WLL</subfield>
      <subfield code="d">IXA</subfield>
    </datafield>
    <datafield tag="020" ind1=" " ind2=" ">
      <subfield code="a">9780786429691 (illustrated case binding : alk. paper)</subfield>
    </datafield>
    <datafield tag="020" ind1=" " ind2=" ">
      <subfield code="a">0786429690 (illustrated case binding : alk. paper)</subfield>
    </datafield>
    <datafield tag="043" ind1=" " ind2=" ">
      <subfield code="a">n-us---</subfield>
    </datafield>
    <datafield tag="050" ind1="0" ind2="0">
      <subfield code="a">GV742.3</subfield>
      <subfield code="b">.H93 2007</subfield>
    </datafield>
    <datafield tag="082" ind1="0" ind2="0">
      <subfield code="a">796.332</subfield>
      <subfield code="2">22</subfield>
    </datafield>
    <datafield tag="100" ind1="1" ind2=" ">
      <subfield code="a">Hyatt, Wesley.</subfield>
      <subfield code="0">http://id.loc.gov/authorities/names/n97051746</subfield>
    </datafield>
    <datafield tag="245" ind1="1" ind2="0">
      <subfield code="a">Kicking off the week :</subfield>
      <subfield code="b">a history of Monday Night Football on ABC television, 1970-2005 /</subfield>
      <subfield code="c">Wesley Hyatt.</subfield>
    </datafield>
    <datafield tag="260" ind1=" " ind2=" ">
      <subfield code="a">Jefferson, N.C. :</subfield>
      <subfield code="b">McFarland &amp; Company,</subfield>
      <subfield code="c">c2007.</subfield>
    </datafield>
    <datafield tag="300" ind1=" " ind2=" ">
      <subfield code="a">ix, 194 p. ;</subfield>
      <subfield code="c">26 cm.</subfield>
    </datafield>
    <datafield tag="520" ind1=" " ind2=" ">
      <subfield code="a">"Chapters cover Monday Night Football's inception, its many lineup changes in the announcers' booth, how it influenced sports coverage on other networks, and the relationship between the NFL and ABC. Appendices provide a list of Monday Night Football cast and crew and seasonal ratings"--Provided by publisher.</subfield>
    </datafield>
    <datafield tag="504" ind1=" " ind2=" ">
      <subfield code="a">Includes bibliographical references (p. 183-186) and index.</subfield>
    </datafield>
    <datafield tag="505" ind1="0" ind2=" ">
      <subfield code="a">The NFL before Monday Night Football -- ABC pre Monday Night Football -- NFL and ABC merge -- The kickoff (1970-71) -- Gifford arrives, and Monday Night Football takes off (1971-74) -- Meredith to Williamson to Karras to Meredith (1974-77) -- Changes afoot (1977-82) -- Capital messes (1982-87) -- Stability leading to a meltdown (1987-98) -- Mouse attack (1998-2002) -- Leader of a loser (2002-2005) -- 2005: prepping the final curtain.</subfield>
    </datafield>
    <datafield tag="630" ind1="0" ind2="0">
      <subfield code="a">Monday night football (Television program)</subfield>
      <subfield code="x">History.</subfield>
    </datafield>
    <datafield tag="856" ind1="4" ind2="1">
      <subfield code="3">Table of contents only</subfield>
      <subfield code="u">http://www.loc.gov/catdir/toc/ecip079/2007000880.html</subfield>
    </datafield>
    <datafield tag="852" ind1="0" ind2=" ">
      <subfield code="b">firestone</subfield>
      <subfield code="c">stacks</subfield>
      <subfield code="h">GV742.3</subfield>
      <subfield code="i">.H93 2007</subfield>
      <subfield code="8">22732358640006421</subfield>
    </datafield>
  </record>