
  <record>
    <leader>01423dam a2200325Ia 4500</leader>
    <controlfield tag="005">20200924115501.0</controlfield>
    <controlfield tag="008">070926s2008    enka     b    001 0 eng d</controlfield>
    <controlfield tag="001">9952907713506421</controlfield>
    <datafield tag="035" ind1=" " ind2=" ">
      <subfield code="a">(OCoLC)ocn144520576</subfield>
    </datafield>
    <datafield tag="035" ind1=" " ind2=" ">
      <subfield code="a">(UkOxBHB)L9764270</subfield>
    </datafield>
    <datafield tag="035" ind1=" " ind2=" ">
      <subfield code="a">5290771</subfield>
    </datafield>
    <datafield tag="035" ind1=" " ind2=" ">
      <subfield code="a">(OCoLC)144520576</subfield>
    </datafield>
    <datafield tag="035" ind1=" " ind2=" ">
      <subfield code="a">(NjP)5290771-princetondb</subfield>
    </datafield>
    <datafield tag="040" ind1=" " ind2=" ">
      <subfield code="a">BTCTA</subfield>
      <subfield code="c">BTCTA</subfield>
      <subfield code="d">BAKER</subfield>
      <subfield code="d">OHX</subfield>
      <subfield code="d">YDXCP</subfield>
      <subfield code="d">IUP</subfield>
      <subfield code="d">NjP</subfield>
    </datafield>
    <datafield tag="020" ind1=" " ind2=" ">
      <subfield code="a">9780750682299</subfield>
    </datafield>
    <datafield tag="020" ind1=" " ind2=" ">
      <subfield code="a">0750682299</subfield>
    </datafield>
    <datafield tag="090" ind1=" " ind2=" ">
      <subfield code="a">GV713</subfield>
      <subfield code="b">.T39 2008</subfield>
    </datafield>
    <datafield tag="100" ind1="1" ind2=" ">
      <subfield code="a">Taylor, Tracy.</subfield>
      <subfield code="0">http://id.loc.gov/authorities/names/no2007134620</subfield>
    </datafield>
    <datafield tag="245" ind1="1" ind2="0">
      <subfield code="a">Managing people in sport organizations :</subfield>
      <subfield code="b">a strategic human resource management perspective /</subfield>
      <subfield code="c">Tracy Taylor, Alison Doherty and Peter McGraw.</subfield>
    </datafield>
    <datafield tag="250" ind1=" " ind2=" ">
      <subfield code="a">1st ed.</subfield>
    </datafield>
    <datafield tag="260" ind1=" " ind2=" ">
      <subfield code="a">Oxford, UK ;</subfield>
      <subfield code="a">Boston :</subfield>
      <subfield code="b">Butterworth-Heinemann,</subfield>
      <subfield code="c">2008.</subfield>
    </datafield>
    <datafield tag="300" ind1=" " ind2=" ">
      <subfield code="a">xxi, 303 p. :</subfield>
      <subfield code="b">ill. ;</subfield>
      <subfield code="c">25 cm.</subfield>
    </datafield>
    <datafield tag="504" ind1=" " ind2=" ">
      <subfield code="a">Includes bibliographical references (p.281-296) and indexes.</subfield>
    </datafield>
    <datafield tag="650" ind1=" " ind2="0">
      <subfield code="a">Personnel management.</subfield>
      <subfield code="0">http://id.loc.gov/authorities/subjects/sh85100143</subfield>
    </datafield>
    <datafield tag="650" ind1=" " ind2="0">
      <subfield code="a">Sports administration.</subfield>
      <subfield code="0">http://id.loc.gov/authorities/subjects/sh85126896</subfield>
    </datafield>
    <datafield tag="650" ind1=" " ind2="0">
      <subfield code="a">Associations, institutions, etc.</subfield>
      <subfield code="x">Management.</subfield>
      <subfield code="0">http://id.loc.gov/authorities/subjects/sh94001384</subfield>
    </datafield>
    <datafield tag="700" ind1="1" ind2=" ">
      <subfield code="a">Doherty, Alison.</subfield>
      <subfield code="0">http://id.loc.gov/authorities/names/no2007132666</subfield>
    </datafield>
    <datafield tag="700" ind1="1" ind2=" ">
      <subfield code="a">McGraw, Peter.</subfield>
      <subfield code="0">http://id.loc.gov/authorities/names/no2007133155</subfield>
    </datafield>
    <datafield tag="852" ind1="0" ind2=" ">
      <subfield code="b">firestone</subfield>
      <subfield code="c">stacks</subfield>
      <subfield code="h">GV713</subfield>
      <subfield code="i">.T39 2008</subfield>
      <subfield code="8">22584777470006421</subfield>
    </datafield>
  </record>