
  <record>
    <leader>00769dam a2200253 a 4500</leader>
    <controlfield tag="005">20200924115721.0</controlfield>
    <controlfield tag="008">071003s2007    enk           000 0 eng d</controlfield>
    <controlfield tag="001">9952924573506421</controlfield>
    <datafield tag="035" ind1=" " ind2=" ">
      <subfield code="a">(OCoLC)ocm77012085</subfield>
    </datafield>
    <datafield tag="035" ind1=" " ind2=" ">
      <subfield code="a">(UkOxBHB)L7764934</subfield>
    </datafield>
    <datafield tag="035" ind1=" " ind2=" ">
      <subfield code="a">5292457</subfield>
    </datafield>
    <datafield tag="035" ind1=" " ind2=" ">
      <subfield code="a">(OCoLC)77012085</subfield>
    </datafield>
    <datafield tag="035" ind1=" " ind2=" ">
      <subfield code="a">(NjP)5292457-princetondb</subfield>
    </datafield>
    <datafield tag="040" ind1=" " ind2=" ">
      <subfield code="a">UKM</subfield>
      <subfield code="c">UKM</subfield>
      <subfield code="d">YDXCP</subfield>
      <subfield code="d">OUN</subfield>
      <subfield code="d">BWKUK</subfield>
    </datafield>
    <datafield tag="020" ind1=" " ind2=" ">
      <subfield code="a">9780141024554 (pbk.)</subfield>
    </datafield>
    <datafield tag="020" ind1=" " ind2=" ">
      <subfield code="a">0141024550 (pbk.)</subfield>
    </datafield>
    <datafield tag="050" ind1=" " ind2="4">
      <subfield code="a">PR6068.O68</subfield>
      <subfield code="b">A67 2007</subfield>
    </datafield>
    <datafield tag="082" ind1="0" ind2="4">
      <subfield code="a">821.914</subfield>
      <subfield code="2">22</subfield>
    </datafield>
    <datafield tag="100" ind1="1" ind2=" ">
      <subfield code="a">Rosen, Michael,</subfield>
      <subfield code="d">1946-</subfield>
      <subfield code="0">http://id.loc.gov/authorities/names/n85345531</subfield>
    </datafield>
    <datafield tag="245" ind1="1" ind2="0">
      <subfield code="a">Selected poems /</subfield>
      <subfield code="c">Michael Rosen.</subfield>
    </datafield>
    <datafield tag="260" ind1=" " ind2=" ">
      <subfield code="a">London ;</subfield>
      <subfield code="a">New York :</subfield>
      <subfield code="b">Penguin Books,</subfield>
      <subfield code="c">2007.</subfield>
    </datafield>
    <datafield tag="300" ind1=" " ind2=" ">
      <subfield code="a">138 p. ;</subfield>
      <subfield code="c">20 cm.</subfield>
    </datafield>
    <datafield tag="852" ind1="0" ind2=" ">
      <subfield code="b">firestone</subfield>
      <subfield code="c">stacks</subfield>
      <subfield code="h">PR6068.O68</subfield>
      <subfield code="i">A67 2007</subfield>
      <subfield code="8">22676009040006421</subfield>
    </datafield>
  </record>