
  <record>
    <leader>01985dam a22003374a 4500</leader>
    <controlfield tag="005">20200924121005.0</controlfield>
    <controlfield tag="008">070601s2007    nyu           000 0ceng  </controlfield>
    <controlfield tag="001">9953029203506421</controlfield>
    <datafield tag="010" ind1=" " ind2=" ">
      <subfield code="a">OCN141483321</subfield>
    </datafield>
    <datafield tag="010" ind1=" " ind2=" ">
      <subfield code="a">  2007022839</subfield>
    </datafield>
    <datafield tag="020" ind1=" " ind2=" ">
      <subfield code="a">9781559708517 (alk. paper)</subfield>
    </datafield>
    <datafield tag="020" ind1=" " ind2=" ">
      <subfield code="a">1559708514 (alk. paper)</subfield>
    </datafield>
    <datafield tag="035" ind1=" " ind2=" ">
      <subfield code="a">(DLC)OCN141483321</subfield>
    </datafield>
    <datafield tag="035" ind1=" " ind2=" ">
      <subfield code="a">5302920</subfield>
    </datafield>
    <datafield tag="035" ind1=" " ind2=" ">
      <subfield code="a">(OCoLC)141483321</subfield>
    </datafield>
    <datafield tag="035" ind1=" " ind2=" ">
      <subfield code="a">(NjP)5302920-princetondb</subfield>
    </datafield>
    <datafield tag="040" ind1=" " ind2=" ">
      <subfield code="a">DLC</subfield>
      <subfield code="c">DLC</subfield>
      <subfield code="d">BAKER</subfield>
      <subfield code="d">C#P</subfield>
    </datafield>
    <datafield tag="050" ind1="0" ind2="0">
      <subfield code="a">GV697.A1</subfield>
      <subfield code="b">F698 2007</subfield>
    </datafield>
    <datafield tag="082" ind1="0" ind2="0">
      <subfield code="a">796.0922</subfield>
      <subfield code="a">B</subfield>
      <subfield code="2">22</subfield>
    </datafield>
    <datafield tag="100" ind1="1" ind2=" ">
      <subfield code="a">Friedman, Steve.</subfield>
      <subfield code="0">http://id.loc.gov/authorities/names/n92113909</subfield>
    </datafield>
    <datafield tag="245" ind1="1" ind2="4">
      <subfield code="a">The agony of victory :</subfield>
      <subfield code="b">when winning isn't enough /</subfield>
      <subfield code="c">Steve Friedman.</subfield>
    </datafield>
    <datafield tag="250" ind1=" " ind2=" ">
      <subfield code="a">1st ed.</subfield>
    </datafield>
    <datafield tag="260" ind1=" " ind2=" ">
      <subfield code="a">New York :</subfield>
      <subfield code="b">Arcade Pub. :</subfield>
      <subfield code="b">Distributed by Hachette Book Group USA,</subfield>
      <subfield code="c">c2007.</subfield>
    </datafield>
    <datafield tag="300" ind1=" " ind2=" ">
      <subfield code="a">xvi, 271 p. ;</subfield>
      <subfield code="c">25 cm.</subfield>
    </datafield>
    <datafield tag="505" ind1="0" ind2=" ">
      <subfield code="a">Going nowhere fast : Graeme Obree, cyclist -- Kingpin : Pete Weber, bowler -- "It's gonna suck to be you" : the men and women of the Hardrock 100, ultra-marathoners -- Lost and found : Gerry Lindgren, runner -- The unbearable lightness of being Scott Williamson : Scott Williamson, hiker -- Falling star : Marshall Rogers, basketball player -- Up from the gutter : Rudy Kasimakis, bowler -- Tough : Danelle Ballengee, runner -- The tragedy : Marco Pantani, cyclist -- Sixteen minutes from home : Willie McCool, runner -- Lost in America : Steve Vaught, hiker -- A moment of silence : John Moylan, runner -- G-D in his corner : Dmitriy Salita, boxer -- Driving lessons : Barry Friedman, golfer.</subfield>
    </datafield>
    <datafield tag="650" ind1=" " ind2="0">
      <subfield code="a">Athletes</subfield>
      <subfield code="v">Biography.</subfield>
      <subfield code="0">http://id.loc.gov/authorities/subjects/sh85009136</subfield>
    </datafield>
    <datafield tag="650" ind1=" " ind2="0">
      <subfield code="a">Athletes</subfield>
      <subfield code="x">Psychology.</subfield>
      <subfield code="0">http://id.loc.gov/authorities/subjects/sh2009116137</subfield>
    </datafield>
    <datafield tag="650" ind1=" " ind2="0">
      <subfield code="a">Sports</subfield>
      <subfield code="x">Psychological aspects.</subfield>
      <subfield code="0">http://id.loc.gov/authorities/subjects/sh85126899</subfield>
    </datafield>
    <datafield tag="650" ind1=" " ind2="0">
      <subfield code="a">Sports</subfield>
      <subfield code="x">Competitions.</subfield>
    </datafield>
    <datafield tag="856" ind1="4" ind2="1">
      <subfield code="3">Table of contents only</subfield>
      <subfield code="u">http://www.loc.gov/catdir/toc/ecip0719/2007022839.html</subfield>
    </datafield>
    <datafield tag="852" ind1="0" ind2=" ">
      <subfield code="b">firestone</subfield>
      <subfield code="c">stacks</subfield>
      <subfield code="h">GV697.A1</subfield>
      <subfield code="i">F698 2007</subfield>
      <subfield code="8">22702478220006421</subfield>
    </datafield>
  </record>