
  <record>
    <leader>01476dam a22003134a 4500</leader>
    <controlfield tag="005">20200924142059.0</controlfield>
    <controlfield tag="008">070130s2007    dcuaf    b    001 0beng  </controlfield>
    <controlfield tag="001">9953133413506421</controlfield>
    <datafield tag="010" ind1=" " ind2=" ">
      <subfield code="a">  2007004053</subfield>
    </datafield>
    <datafield tag="035" ind1=" " ind2=" ">
      <subfield code="a">(OCoLC)ocm82367778</subfield>
    </datafield>
    <datafield tag="035" ind1=" " ind2=" ">
      <subfield code="a">5313341</subfield>
    </datafield>
    <datafield tag="035" ind1=" " ind2=" ">
      <subfield code="a">(OCoLC)82367778</subfield>
    </datafield>
    <datafield tag="035" ind1=" " ind2=" ">
      <subfield code="a">(NjP)5313341-princetondb</subfield>
    </datafield>
    <datafield tag="040" ind1=" " ind2=" ">
      <subfield code="a">DLC</subfield>
      <subfield code="c">DLC</subfield>
      <subfield code="d">BAKER</subfield>
      <subfield code="d">BTCTA</subfield>
      <subfield code="d">C#P</subfield>
      <subfield code="d">YDXCP</subfield>
      <subfield code="d">BWX</subfield>
    </datafield>
    <datafield tag="020" ind1=" " ind2=" ">
      <subfield code="a">9781597970884 (alk. paper)</subfield>
    </datafield>
    <datafield tag="020" ind1=" " ind2=" ">
      <subfield code="a">1597970883 (alk. paper)</subfield>
    </datafield>
    <datafield tag="050" ind1="0" ind2="0">
      <subfield code="a">GV865.C4384</subfield>
      <subfield code="b">J36 2007</subfield>
    </datafield>
    <datafield tag="082" ind1="0" ind2="0">
      <subfield code="a">796.357092</subfield>
      <subfield code="a">B</subfield>
      <subfield code="2">22</subfield>
    </datafield>
    <datafield tag="100" ind1="1" ind2=" ">
      <subfield code="a">Janczak, Joseph,</subfield>
      <subfield code="d">1961-</subfield>
      <subfield code="0">http://id.loc.gov/authorities/names/n2007007186</subfield>
    </datafield>
    <datafield tag="245" ind1="1" ind2="4">
      <subfield code="a">The rocket :</subfield>
      <subfield code="b">baseball legend Roger Clemens /</subfield>
      <subfield code="c">Joseph Janczak.</subfield>
    </datafield>
    <datafield tag="250" ind1=" " ind2=" ">
      <subfield code="a">1st ed.</subfield>
    </datafield>
    <datafield tag="260" ind1=" " ind2=" ">
      <subfield code="a">Washington, D.C. :</subfield>
      <subfield code="b">Potomac Books,</subfield>
      <subfield code="c">c2007.</subfield>
    </datafield>
    <datafield tag="300" ind1=" " ind2=" ">
      <subfield code="a">xii, 299 p., [8] p. of plates :</subfield>
      <subfield code="b">ill. ;</subfield>
      <subfield code="c">24 cm.</subfield>
    </datafield>
    <datafield tag="504" ind1=" " ind2=" ">
      <subfield code="a">Includes bibliographical references (p. 277-291) and index.</subfield>
    </datafield>
    <datafield tag="505" ind1="0" ind2=" ">
      <subfield code="a">The legacy of a legend -- Dreams in the making -- The formative years -- One fine summer -- Rocket Roger -- Cannon fodder -- Like a shot from nowhere -- Rocket science -- Yankee go home -- Promises made and kept -- Home : the brilliant unending twilight.</subfield>
    </datafield>
    <datafield tag="600" ind1="1" ind2="0">
      <subfield code="a">Clemens, Roger.</subfield>
      <subfield code="0">http://id.loc.gov/authorities/names/n85274776</subfield>
    </datafield>
    <datafield tag="650" ind1=" " ind2="0">
      <subfield code="a">Baseball players</subfield>
      <subfield code="v">Biography.</subfield>
      <subfield code="0">http://id.loc.gov/authorities/subjects/sh2009116823</subfield>
    </datafield>
    <datafield tag="856" ind1="4" ind2="1">
      <subfield code="3">Table of contents only</subfield>
      <subfield code="u">http://www.loc.gov/catdir/toc/ecip0710/2007004053.html</subfield>
    </datafield>
    <datafield tag="852" ind1="0" ind2=" ">
      <subfield code="b">firestone</subfield>
      <subfield code="c">stacks</subfield>
      <subfield code="h">GV865.C4384</subfield>
      <subfield code="i">J36 2007</subfield>
      <subfield code="8">22583460040006421</subfield>
    </datafield>
  </record>