
  <record>
    <leader>00993dam a2200289 a 4500</leader>
    <controlfield tag="005">20200924133816.0</controlfield>
    <controlfield tag="008">071219s2007    enk           000 0aeng d</controlfield>
    <controlfield tag="001">9953379323506421</controlfield>
    <datafield tag="035" ind1=" " ind2=" ">
      <subfield code="a">(OCoLC)ocm67874509</subfield>
    </datafield>
    <datafield tag="035" ind1=" " ind2=" ">
      <subfield code="a">(UkOxBHB)L8768084</subfield>
    </datafield>
    <datafield tag="035" ind1=" " ind2=" ">
      <subfield code="a">5337932</subfield>
    </datafield>
    <datafield tag="035" ind1=" " ind2=" ">
      <subfield code="a">(OCoLC)67874509</subfield>
    </datafield>
    <datafield tag="035" ind1=" " ind2=" ">
      <subfield code="a">(NjP)5337932-princetondb</subfield>
    </datafield>
    <datafield tag="040" ind1=" " ind2=" ">
      <subfield code="a">UKM</subfield>
      <subfield code="c">UKM</subfield>
      <subfield code="d">BAKER</subfield>
      <subfield code="d">BTCTA</subfield>
      <subfield code="d">C#P</subfield>
      <subfield code="d">YDXCP</subfield>
    </datafield>
    <datafield tag="020" ind1=" " ind2=" ">
      <subfield code="a">9781845230258 (pbk.)</subfield>
    </datafield>
    <datafield tag="020" ind1=" " ind2=" ">
      <subfield code="a">1845230256 (pbk.)</subfield>
    </datafield>
    <datafield tag="042" ind1=" " ind2=" ">
      <subfield code="a">ukblsr</subfield>
    </datafield>
    <datafield tag="050" ind1=" " ind2="4">
      <subfield code="a">PR9265.9.D39</subfield>
      <subfield code="b">Z46 2007</subfield>
    </datafield>
    <datafield tag="082" ind1="0" ind2="4">
      <subfield code="a">818.5409</subfield>
      <subfield code="2">22</subfield>
    </datafield>
    <datafield tag="100" ind1="1" ind2=" ">
      <subfield code="a">Dawes, Kwame Senu Neville,</subfield>
      <subfield code="d">1962-</subfield>
      <subfield code="0">http://id.loc.gov/authorities/names/no95021730</subfield>
    </datafield>
    <datafield tag="245" ind1="1" ind2="2">
      <subfield code="a">A far cry from Plymouth Rock :</subfield>
      <subfield code="b">a personal narrative /</subfield>
      <subfield code="c">Kwame Dawes.</subfield>
    </datafield>
    <datafield tag="260" ind1=" " ind2=" ">
      <subfield code="a">Leeds :</subfield>
      <subfield code="b">Peepal Tree,</subfield>
      <subfield code="c">2007.</subfield>
    </datafield>
    <datafield tag="300" ind1=" " ind2=" ">
      <subfield code="a">225 p. ;</subfield>
      <subfield code="c">21 cm.</subfield>
    </datafield>
    <datafield tag="600" ind1="1" ind2="0">
      <subfield code="a">Dawes, Kwame Senu Neville,</subfield>
      <subfield code="d">1962-</subfield>
      <subfield code="0">http://id.loc.gov/authorities/names/no95021730</subfield>
    </datafield>
    <datafield tag="650" ind1=" " ind2="0">
      <subfield code="a">Authors, Jamaican</subfield>
      <subfield code="y">20th century</subfield>
      <subfield code="v">Biography.</subfield>
    </datafield>
    <datafield tag="852" ind1="0" ind2=" ">
      <subfield code="b">firestone</subfield>
      <subfield code="c">stacks</subfield>
      <subfield code="h">PR9265.9.D39</subfield>
      <subfield code="i">Z46 2007</subfield>
      <subfield code="8">22501292370006421</subfield>
    </datafield>
  </record>