
  <record>
    <leader>01718dam a22003254a 4500</leader>
    <controlfield tag="005">20200924134147.0</controlfield>
    <controlfield tag="008">070924s2008    ilua     b    001 0 eng  </controlfield>
    <controlfield tag="001">9953401623506421</controlfield>
    <datafield tag="010" ind1=" " ind2=" ">
      <subfield code="a">  2007038770</subfield>
    </datafield>
    <datafield tag="020" ind1=" " ind2=" ">
      <subfield code="a">9780736067706 (hard cover)</subfield>
    </datafield>
    <datafield tag="020" ind1=" " ind2=" ">
      <subfield code="a">0736067701 (hard cover)</subfield>
    </datafield>
    <datafield tag="035" ind1=" " ind2=" ">
      <subfield code="a">(OCoLC)OCN173502685</subfield>
    </datafield>
    <datafield tag="035" ind1=" " ind2=" ">
      <subfield code="a">5340162</subfield>
    </datafield>
    <datafield tag="035" ind1=" " ind2=" ">
      <subfield code="a">(OCoLC)173502685</subfield>
    </datafield>
    <datafield tag="035" ind1=" " ind2=" ">
      <subfield code="a">(NjP)5340162-princetondb</subfield>
    </datafield>
    <datafield tag="040" ind1=" " ind2=" ">
      <subfield code="a">DLC</subfield>
      <subfield code="c">DLC</subfield>
      <subfield code="d">BAKER</subfield>
      <subfield code="d">BTCTA</subfield>
      <subfield code="d">C#P</subfield>
    </datafield>
    <datafield tag="050" ind1="0" ind2="0">
      <subfield code="a">GV716</subfield>
      <subfield code="b">.F75 2008</subfield>
    </datafield>
    <datafield tag="082" ind1="0" ind2="0">
      <subfield code="a">796.0691</subfield>
      <subfield code="2">22</subfield>
    </datafield>
    <datafield tag="100" ind1="1" ind2=" ">
      <subfield code="a">Fried, Gil,</subfield>
      <subfield code="d">1965-</subfield>
      <subfield code="0">http://id.loc.gov/authorities/names/n98050521</subfield>
    </datafield>
    <datafield tag="245" ind1="1" ind2="0">
      <subfield code="a">Sport finance /</subfield>
      <subfield code="c">Gil Fried, Steven J. Shapiro, Timothy DeSchriver.</subfield>
    </datafield>
    <datafield tag="250" ind1=" " ind2=" ">
      <subfield code="a">2nd ed.</subfield>
    </datafield>
    <datafield tag="260" ind1=" " ind2=" ">
      <subfield code="a">Champaign, IL :</subfield>
      <subfield code="b">Human Kinetics,</subfield>
      <subfield code="c">c2008.</subfield>
    </datafield>
    <datafield tag="300" ind1=" " ind2=" ">
      <subfield code="a">xviii, 381 p. :</subfield>
      <subfield code="b">ill. ;</subfield>
      <subfield code="c">29 cm.</subfield>
    </datafield>
    <datafield tag="504" ind1=" " ind2=" ">
      <subfield code="a">Includes bibliographical references (p. 363-372) and index.</subfield>
    </datafield>
    <datafield tag="505" ind1="0" ind2=" ">
      <subfield code="a">Financial issues in sport -- Basic financial concepts -- Financial systems and how they operate -- Business structure -- Financial statements, forecasts, and planning -- Time value of money -- Approaches to financial planning -- Obtaining funding -- Capital stocks -- Bonds -- Capital budgeting -- Short-term financial management -- Inventory and production management -- Taxation and legal issues -- Spending earnings -- Auditing -- Exit strategy.</subfield>
    </datafield>
    <datafield tag="650" ind1=" " ind2="0">
      <subfield code="a">Sports</subfield>
      <subfield code="x">Finance.</subfield>
      <subfield code="0">http://id.loc.gov/authorities/subjects/sh88002251</subfield>
    </datafield>
    <datafield tag="650" ind1=" " ind2="0">
      <subfield code="a">Sports administration.</subfield>
      <subfield code="0">http://id.loc.gov/authorities/subjects/sh85126896</subfield>
    </datafield>
    <datafield tag="700" ind1="1" ind2=" ">
      <subfield code="a">Shapiro, Steven J.,</subfield>
      <subfield code="d">1955-</subfield>
      <subfield code="0">http://id.loc.gov/authorities/names/n2002101590</subfield>
    </datafield>
    <datafield tag="700" ind1="1" ind2=" ">
      <subfield code="a">DeSchriver, Timothy D.,</subfield>
      <subfield code="d">1968-</subfield>
      <subfield code="0">http://id.loc.gov/authorities/names/n2002101595</subfield>
    </datafield>
    <datafield tag="852" ind1="0" ind2=" ">
      <subfield code="b">firestone</subfield>
      <subfield code="c">stacks</subfield>
      <subfield code="h">GV716</subfield>
      <subfield code="i">.F75 2008</subfield>
      <subfield code="8">22525402600006421</subfield>
    </datafield>
  </record>