
  <record>
    <leader>01349dam a2200373 a 4500</leader>
    <controlfield tag="005">20200924134818.0</controlfield>
    <controlfield tag="008">070511s2008    njua          001 0deng  </controlfield>
    <controlfield tag="001">9953458773506421</controlfield>
    <datafield tag="010" ind1=" " ind2=" ">
      <subfield code="a">  2007020008</subfield>
    </datafield>
    <datafield tag="035" ind1=" " ind2=" ">
      <subfield code="a">(OCoLC)ocn132687659</subfield>
    </datafield>
    <datafield tag="035" ind1=" " ind2=" ">
      <subfield code="a">5345877</subfield>
    </datafield>
    <datafield tag="035" ind1=" " ind2=" ">
      <subfield code="a">(OCoLC)132687659</subfield>
    </datafield>
    <datafield tag="035" ind1=" " ind2=" ">
      <subfield code="a">(NjP)5345877-princetondb</subfield>
    </datafield>
    <datafield tag="040" ind1=" " ind2=" ">
      <subfield code="a">DLC</subfield>
      <subfield code="c">DLC</subfield>
      <subfield code="d">BTCTA</subfield>
      <subfield code="d">C#P</subfield>
      <subfield code="d">BWX</subfield>
      <subfield code="d">YDXCP</subfield>
      <subfield code="d">BAKER</subfield>
      <subfield code="d">VP@</subfield>
    </datafield>
    <datafield tag="020" ind1=" " ind2=" ">
      <subfield code="a">9781602800137</subfield>
    </datafield>
    <datafield tag="020" ind1=" " ind2=" ">
      <subfield code="a">1602800138</subfield>
    </datafield>
    <datafield tag="020" ind1=" " ind2=" ">
      <subfield code="a">9780881259698 (pbk.)</subfield>
    </datafield>
    <datafield tag="020" ind1=" " ind2=" ">
      <subfield code="a">0881259691 (pbk.)</subfield>
    </datafield>
    <datafield tag="043" ind1=" " ind2=" ">
      <subfield code="a">n-us---</subfield>
      <subfield code="a">a-is---</subfield>
    </datafield>
    <datafield tag="050" ind1="0" ind2="0">
      <subfield code="a">GV709.6</subfield>
      <subfield code="b">.W43 2008</subfield>
    </datafield>
    <datafield tag="082" ind1="0" ind2="0">
      <subfield code="a">796.089/924073</subfield>
      <subfield code="2">22</subfield>
    </datafield>
    <datafield tag="100" ind1="1" ind2=" ">
      <subfield code="a">Wechsler, Bob.</subfield>
      <subfield code="0">http://id.loc.gov/authorities/names/no2007154057</subfield>
    </datafield>
    <datafield tag="245" ind1="1" ind2="0">
      <subfield code="a">Day by day in Jewish sports history /</subfield>
      <subfield code="c">by Bob Wechsler.</subfield>
    </datafield>
    <datafield tag="260" ind1=" " ind2=" ">
      <subfield code="a">Jersey City, NJ :</subfield>
      <subfield code="b">KTAV Pub. House ;</subfield>
      <subfield code="a">[New York] :</subfield>
      <subfield code="b">In association with the American Jewish Historical Society,</subfield>
      <subfield code="c">c2008.</subfield>
    </datafield>
    <datafield tag="300" ind1=" " ind2=" ">
      <subfield code="a">xiv, 404 p. :</subfield>
      <subfield code="b">ill. ;</subfield>
      <subfield code="c">26 cm.</subfield>
    </datafield>
    <datafield tag="500" ind1=" " ind2=" ">
      <subfield code="a">Includes index.</subfield>
    </datafield>
    <datafield tag="650" ind1=" " ind2="0">
      <subfield code="a">Jewish athletes</subfield>
      <subfield code="z">United States</subfield>
      <subfield code="x">History.</subfield>
    </datafield>
    <datafield tag="650" ind1=" " ind2="0">
      <subfield code="a">Jewish athletes</subfield>
      <subfield code="z">Israel</subfield>
      <subfield code="x">History.</subfield>
    </datafield>
    <datafield tag="650" ind1=" " ind2="0">
      <subfield code="a">Jewish athletes</subfield>
      <subfield code="x">History.</subfield>
    </datafield>
    <datafield tag="650" ind1=" " ind2="0">
      <subfield code="a">Jews</subfield>
      <subfield code="x">Sports</subfield>
      <subfield code="z">United States</subfield>
      <subfield code="x">History.</subfield>
    </datafield>
    <datafield tag="650" ind1=" " ind2="0">
      <subfield code="a">Jews</subfield>
      <subfield code="x">Sports</subfield>
      <subfield code="z">Israel</subfield>
      <subfield code="x">History.</subfield>
    </datafield>
    <datafield tag="650" ind1=" " ind2="0">
      <subfield code="a">Jews</subfield>
      <subfield code="x">Sports</subfield>
      <subfield code="x">History.</subfield>
    </datafield>
    <datafield tag="650" ind1=" " ind2="0">
      <subfield code="a">Olympics</subfield>
      <subfield code="x">History.</subfield>
      <subfield code="0">http://id.loc.gov/authorities/subjects/sh2008108647</subfield>
    </datafield>
    <datafield tag="852" ind1="0" ind2=" ">
      <subfield code="b">firestone</subfield>
      <subfield code="c">stacks</subfield>
      <subfield code="h">GV709.6</subfield>
      <subfield code="i">.W43 2008</subfield>
      <subfield code="8">22578348220006421</subfield>
    </datafield>
  </record>