
  <record>
    <leader>01040dam a22003014a 4500</leader>
    <controlfield tag="005">20200924152207.0</controlfield>
    <controlfield tag="008">080303s2008    it       b    001 0dita d</controlfield>
    <controlfield tag="001">9954185253506421</controlfield>
    <datafield tag="010" ind1=" " ind2=" ">
      <subfield code="a">  2008363624</subfield>
    </datafield>
    <datafield tag="020" ind1=" " ind2=" ">
      <subfield code="a">9788871806310 :</subfield>
      <subfield code="c">18.50 EUR</subfield>
    </datafield>
    <datafield tag="035" ind1=" " ind2=" ">
      <subfield code="a">(OCoLC)0209335501</subfield>
    </datafield>
    <datafield tag="035" ind1=" " ind2=" ">
      <subfield code="a">(ItFiC)it 08045690</subfield>
    </datafield>
    <datafield tag="035" ind1=" " ind2=" ">
      <subfield code="a">5418525</subfield>
    </datafield>
    <datafield tag="035" ind1=" " ind2=" ">
      <subfield code="a">(NjP)5418525-princetondb</subfield>
    </datafield>
    <datafield tag="040" ind1=" " ind2=" ">
      <subfield code="a">ItFiC</subfield>
      <subfield code="c">ItFiC</subfield>
    </datafield>
    <datafield tag="043" ind1=" " ind2=" ">
      <subfield code="a">e-it---</subfield>
    </datafield>
    <datafield tag="050" ind1="0" ind2="0">
      <subfield code="a">PN1993.5.I88</subfield>
      <subfield code="b">D385 2008</subfield>
    </datafield>
    <datafield tag="100" ind1="1" ind2=" ">
      <subfield code="a">De Gaetano, Domenico.</subfield>
      <subfield code="0">http://id.loc.gov/authorities/names/nr96029327</subfield>
    </datafield>
    <datafield tag="245" ind1="1" ind2="0">
      <subfield code="a">Torino ciak si gira :</subfield>
      <subfield code="b">breve storia del cinema a Torino da "Profondo rosso" a "Dopo mezzanotte" /</subfield>
      <subfield code="c">Domenico De Gaetano.</subfield>
    </datafield>
    <datafield tag="250" ind1=" " ind2=" ">
      <subfield code="a">1. ed.</subfield>
    </datafield>
    <datafield tag="260" ind1=" " ind2=" ">
      <subfield code="a">Torino :</subfield>
      <subfield code="b">Lindau,</subfield>
      <subfield code="c">2008.</subfield>
    </datafield>
    <datafield tag="300" ind1=" " ind2=" ">
      <subfield code="a">263 p. ;</subfield>
      <subfield code="c">27 cm.</subfield>
    </datafield>
    <datafield tag="440" ind1=" " ind2="0">
      <subfield code="a">Strumenti/mediateca</subfield>
    </datafield>
    <datafield tag="504" ind1=" " ind2=" ">
      <subfield code="a">Includes bibliographical references and index.</subfield>
    </datafield>
    <datafield tag="650" ind1=" " ind2="0">
      <subfield code="a">Motion pictures</subfield>
      <subfield code="z">Italy</subfield>
      <subfield code="z">Turin.</subfield>
    </datafield>
    <datafield tag="651" ind1=" " ind2="0">
      <subfield code="a">Turin (Italy)</subfield>
      <subfield code="x">In motion pictures.</subfield>
    </datafield>
    <datafield tag="650" ind1=" " ind2="0">
      <subfield code="a">Motion picture locations</subfield>
      <subfield code="z">Italy</subfield>
      <subfield code="z">Turin.</subfield>
    </datafield>
    <datafield tag="852" ind1="0" ind2=" ">
      <subfield code="b">firestone</subfield>
      <subfield code="c">stacks</subfield>
      <subfield code="h">PN1993.5.I88</subfield>
      <subfield code="i">D385 2008</subfield>
      <subfield code="8">22515704630006421</subfield>
    </datafield>
  </record>