
  <record>
    <leader>04237dta a2200373Ia 4500</leader>
    <controlfield tag="005">20220325145027.0</controlfield>
    <controlfield tag="008">080407m16501651tu            000 0 ota d</controlfield>
    <controlfield tag="001">9954368753506421</controlfield>
    <datafield tag="035" ind1=" " ind2=" ">
      <subfield code="a">(NjP)5436875-princetondb</subfield>
    </datafield>
    <datafield tag="035" ind1=" " ind2=" ">
      <subfield code="a">(OCoLC)220890421</subfield>
    </datafield>
    <datafield tag="035" ind1=" " ind2=" ">
      <subfield code="a">(OCoLC)ocn220890421</subfield>
    </datafield>
    <datafield tag="035" ind1=" " ind2=" ">
      <subfield code="a">5436875</subfield>
    </datafield>
    <datafield tag="040" ind1=" " ind2=" ">
      <subfield code="a">PUL</subfield>
      <subfield code="c">PUL</subfield>
      <subfield code="e">amremm</subfield>
    </datafield>
    <datafield tag="043" ind1=" " ind2=" ">
      <subfield code="a">n-us-nj</subfield>
      <subfield code="a">a-tu---</subfield>
    </datafield>
    <datafield tag="049" ind1=" " ind2=" ">
      <subfield code="a">PULL</subfield>
    </datafield>
    <datafield tag="066" ind1=" " ind2=" ">
      <subfield code="c">(3</subfield>
      <subfield code="c">(4</subfield>
    </datafield>
    <datafield tag="245" ind1="0" ind2="0">
      <subfield code="6">880-01</subfield>
      <subfield code="a">Faṣl fī maʻrifat ẓill al-mayl al-awwal.</subfield>
    </datafield>
    <datafield tag="880" ind1="0" ind2="0">
      <subfield code="6">245-01/(3/r</subfield>
      <subfield code="a">فصل في معرفة ظل الميل الاول</subfield>
    </datafield>
    <datafield tag="246" ind1="1" ind2=" ">
      <subfield code="6">880-02</subfield>
      <subfield code="i">Title in table of contents (fol. Aa):</subfield>
      <subfield code="a">Fī maʻrifat ẓill al-mayl</subfield>
    </datafield>
    <datafield tag="880" ind1="1" ind2=" ">
      <subfield code="6">246-02/(3/r</subfield>
      <subfield code="a">في معرفة ظل الميل</subfield>
    </datafield>
    <datafield tag="260" ind1=" " ind2=" ">
      <subfield code="a">[Istanbul,</subfield>
      <subfield code="c">1650-1651]</subfield>
    </datafield>
    <datafield tag="500" ind1=" " ind2=" ">
      <subfield code="a">20220325deletesforjoycekpc</subfield>
    </datafield>
    <datafield tag="500" ind1=" " ind2=" ">
      <subfield code="a">Ms. component part.</subfield>
    </datafield>
    <datafield tag="500" ind1=" " ind2=" ">
      <subfield code="a">The date of copy of this text is not mentioned explicitly. However, it appears to be by the same hand as other texts in the ms., copied from Jumādá al-Ulá 1060 to Ṣafar 1061H. in Qusṭanṭinīyah.</subfield>
    </datafield>
    <datafield tag="500" ind1=" " ind2=" ">
      <subfield code="a">Title from rubric (fol. 1b).</subfield>
    </datafield>
    <datafield tag="505" ind1="0" ind2=" ">
      <subfield code="a">Faṣl fī maʻrifat ẓill al-mayl al-awwal (fol. 1b) -- Faṣl fī maʻrifat taʻdīl mā bayn al-saṭrayn (fol. 1b) -- Faṣl fī maʻrifat akhdh al-ʻushr aw al-khums ʻan ʻadad (fol. 2a) -- Faṣl fī maʻrifat niṣf qaws al-nahār (fol. 3a) -- Faṣl fī maʻrifat al-istiqbāl (fol. 3a) -- Faṣl fī maʻrifat miqdār darajah fī al-falak (fol. 8a) -- Faṣl fī maʻrifat ruʾyat al-ahillah (fol. 8a) -- Faṣl ākhar fī maʻrifat ʻamal ruʾyat al-ahillah (9b) -- Faṣl ākhar fī maʻrifat ʻamal ruʾyat al-ahillah ʻalá ṭarīq zīj Ulugh Bīk (fol. 12a) -- Faṣl fī maʻrifat shuhūr al-qamarīyah (fol. 13a) -- Faṣl fī maʻrifat madkhal māh-i Rūmī (fol. 15a) -- Fṣl fī maʻrifat Yazdajird al-Fārisī (fol. 16a) -- Faṣl fī maʻrifat taʾrīkh Malikī (fol. 16b) -- Faṣl fī maʻrifat ruʾyat al-ahillah ʻalá ṭarīq zīj Īlkhānī (fol. 18b) -- ... -- Faṣl fī maʻrifat ʻilm al-sāʻah bil-aqdām (fol. 57a).</subfield>
    </datafield>
    <datafield tag="520" ind1="8" ind2=" ">
      <subfield code="a">Text in Ottoman Turkish, Persian and Arabic on various questions of astronomy comprising several faṣl, with tables. The title applies only to the first faṣl. The table of contents added by a later hand at the beginning of the ms. lists each of the faṣl (fol. Aa-b).</subfield>
    </datafield>
    <datafield tag="650" ind1=" " ind2="0">
      <subfield code="a">Astronomy</subfield>
      <subfield code="z">Islamic empire</subfield>
      <subfield code="v">Early works to 1800.</subfield>
    </datafield>
    <datafield tag="650" ind1=" " ind2="0">
      <subfield code="a">Astronomy, Arab</subfield>
      <subfield code="v">Early works to 1800.</subfield>
      <subfield code="0">http://id.loc.gov/authorities/subjects/sh2009116093</subfield>
    </datafield>
    <datafield tag="650" ind1=" " ind2="0">
      <subfield code="a">Manuscripts, Turkish</subfield>
      <subfield code="z">New Jersey</subfield>
      <subfield code="z">Princeton.</subfield>
    </datafield>
    <datafield tag="773" ind1="0" ind2=" ">
      <subfield code="7">nntm</subfield>
      <subfield code="t">Majmūʻah-yi rasāʾil-i nādirah,</subfield>
      <subfield code="g">fol. 1b-57a.</subfield>
      <subfield code="w">9954368663506421</subfield>
    </datafield>
    <datafield tag="880" ind1=" " ind2=" ">
      <subfield code="6">500-00/(3/r</subfield>
      <subfield code="a">Incipit: هر جزويء ظلّ عرض بلد بخط ضرب ايلسک حاصل ضرب جيب تعديل النّهار جزيء مذكور</subfield>
    </datafield>
    <datafield tag="856" ind1="4" ind2="1">
      <subfield code="u">http://arks.princeton.edu/ark:/88435/r781wg07m</subfield>
    </datafield>
    <datafield tag="852" ind1="8" ind2=" ">
      <subfield code="b">rare</subfield>
      <subfield code="c">hsvm</subfield>
      <subfield code="h">Islamic Manuscripts, Garrett no. 373Y</subfield>
      <subfield code="8">22482071610006421</subfield>
    </datafield>
  </record>