
  <record>
    <leader>06573dta a2200577Ia 4500</leader>
    <controlfield tag="005">20220325145033.0</controlfield>
    <controlfield tag="008">080407s1651    tu            000 0 ara d</controlfield>
    <controlfield tag="001">9954368863506421</controlfield>
    <datafield tag="035" ind1=" " ind2=" ">
      <subfield code="a">(NjP)5436886-princetondb</subfield>
    </datafield>
    <datafield tag="035" ind1=" " ind2=" ">
      <subfield code="a">(OCoLC)220891171</subfield>
    </datafield>
    <datafield tag="035" ind1=" " ind2=" ">
      <subfield code="a">(OCoLC)ocn220891171</subfield>
    </datafield>
    <datafield tag="035" ind1=" " ind2=" ">
      <subfield code="a">5436886</subfield>
    </datafield>
    <datafield tag="040" ind1=" " ind2=" ">
      <subfield code="a">PUL</subfield>
      <subfield code="c">PUL</subfield>
      <subfield code="e">amremm</subfield>
    </datafield>
    <datafield tag="043" ind1=" " ind2=" ">
      <subfield code="a">n-us-nj</subfield>
      <subfield code="a">a-tu---</subfield>
    </datafield>
    <datafield tag="049" ind1=" " ind2=" ">
      <subfield code="a">PULL</subfield>
    </datafield>
    <datafield tag="066" ind1=" " ind2=" ">
      <subfield code="c">(3</subfield>
    </datafield>
    <datafield tag="100" ind1="1" ind2=" ">
      <subfield code="6">880-01</subfield>
      <subfield code="a">ʻAbd al-Wahhāb.</subfield>
    </datafield>
    <datafield tag="880" ind1="1" ind2=" ">
      <subfield code="6">100-01/(3/r</subfield>
      <subfield code="a">عبد الوهاب</subfield>
    </datafield>
    <datafield tag="245" ind1="1" ind2="0">
      <subfield code="6">880-02</subfield>
      <subfield code="a">Risālah fī istikhrāj anṣāf al-aqṭār.</subfield>
    </datafield>
    <datafield tag="880" ind1="1" ind2="0">
      <subfield code="6">245-02/(3/r</subfield>
      <subfield code="a">رسالة في استخراج انصاف الاقطار</subfield>
    </datafield>
    <datafield tag="246" ind1="1" ind2=" ">
      <subfield code="6">880-04</subfield>
      <subfield code="i">Title from beginning of text:</subfield>
      <subfield code="a">Risālah fī maʻrifat istikhrāj al-mawāqiʻ wa-anṣāf al-aqṭār wa-abʻād al-marākiz min jadwal al-ẓill al-mutawwakis nāfiʻah li-wāḍiʻī al-muqanṭarāt wa-al-aṣṭurlāb</subfield>
    </datafield>
    <datafield tag="880" ind1="1" ind2=" ">
      <subfield code="6">246-04/(3/r</subfield>
      <subfield code="a">رسالة في معرفة استخراج المواقع وانصاف الاقطار وابعاد المراكز من جدول الظل المتوكس نافعة لواضعي المقنطرات والاصطرلاب</subfield>
    </datafield>
    <datafield tag="246" ind1="1" ind2=" ">
      <subfield code="6">880-06</subfield>
      <subfield code="i">Title in colophon:</subfield>
      <subfield code="a">Risālat anṣāf al-aqṭār lil-Mawlá al-marḥūm ʻAbd al-Wahhāb Afandī</subfield>
    </datafield>
    <datafield tag="880" ind1="1" ind2=" ">
      <subfield code="6">246-06/(3/r</subfield>
      <subfield code="a">رسالة انصاف الاقطار للمولى المرحوم عبد الوهاب افندى</subfield>
    </datafield>
    <datafield tag="246" ind1="3" ind2="0">
      <subfield code="6">880-03</subfield>
      <subfield code="a">Istikhrāj anṣāf al-aqṭār</subfield>
    </datafield>
    <datafield tag="880" ind1="3" ind2="0">
      <subfield code="6">246-03/(3/r</subfield>
      <subfield code="a">استخراج انصاف الاقطار</subfield>
    </datafield>
    <datafield tag="246" ind1="3" ind2="0">
      <subfield code="6">880-05</subfield>
      <subfield code="a">Maʻrifat istikhrāj al-mawāqiʻ</subfield>
    </datafield>
    <datafield tag="880" ind1="3" ind2="0">
      <subfield code="6">246-05/(3/r</subfield>
      <subfield code="a">معرفة استخراج المواقع</subfield>
    </datafield>
    <datafield tag="246" ind1="3" ind2="0">
      <subfield code="6">880-08</subfield>
      <subfield code="a">Anṣāf al-aqṭār</subfield>
    </datafield>
    <datafield tag="880" ind1="3" ind2="0">
      <subfield code="6">246-08/(3/r</subfield>
      <subfield code="a">انصاف الاقطار</subfield>
    </datafield>
    <datafield tag="246" ind1="3" ind2="0">
      <subfield code="a">Inṣāf al-aqṭār</subfield>
    </datafield>
    <datafield tag="246" ind1="3" ind2="3">
      <subfield code="6">880-07</subfield>
      <subfield code="a">Risālat inṣāf al-aqṭār</subfield>
    </datafield>
    <datafield tag="880" ind1="3" ind2="3">
      <subfield code="6">246-07/(3/r</subfield>
      <subfield code="a">رسالة انصاف الاقطار</subfield>
    </datafield>
    <datafield tag="260" ind1=" " ind2=" ">
      <subfield code="a">[Istanbul,</subfield>
      <subfield code="c">1651]</subfield>
    </datafield>
    <datafield tag="500" ind1=" " ind2=" ">
      <subfield code="a">20220325deletesforjoycekpc</subfield>
    </datafield>
    <datafield tag="500" ind1=" " ind2=" ">
      <subfield code="a">Ms. component part.</subfield>
    </datafield>
    <datafield tag="500" ind1=" " ind2=" ">
      <subfield code="a">Origin: According to colophon, copied on [21] ("kāf-alif") Ṣafar 1061 (colophon, fol. 73b). The place of copy is not mentioned in this colophon. It is however mentioned as being Qusṭanṭinīyah (Constantinople) on fol. 164a.</subfield>
    </datafield>
    <datafield tag="500" ind1=" " ind2=" ">
      <subfield code="a">The name of the author appears in the colophon (fol. 73b).</subfield>
    </datafield>
    <datafield tag="500" ind1=" " ind2=" ">
      <subfield code="a">Title from rubric (fol. 72b).</subfield>
    </datafield>
    <datafield tag="510" ind1="4" ind2=" ">
      <subfield code="a">Mach, R. Yahuda,</subfield>
      <subfield code="c">5006</subfield>
    </datafield>
    <datafield tag="520" ind1="8" ind2=" ">
      <subfield code="a">Treatise in six chapters (bāb) on astronomical instruments (astrolabe and almucantar). The text is followed by tables on fol. 74a-82b.</subfield>
    </datafield>
    <datafield tag="650" ind1=" " ind2="0">
      <subfield code="a">Almucantar</subfield>
      <subfield code="z">Islamic empire</subfield>
      <subfield code="v">Early works to 1800.</subfield>
    </datafield>
    <datafield tag="650" ind1=" " ind2="0">
      <subfield code="a">Astrolabes</subfield>
      <subfield code="z">Islamic empire</subfield>
      <subfield code="v">Early works to 1800.</subfield>
    </datafield>
    <datafield tag="650" ind1=" " ind2="0">
      <subfield code="a">Astronomical instruments</subfield>
      <subfield code="x">History</subfield>
      <subfield code="z">Islamic empire</subfield>
      <subfield code="v">Sources.</subfield>
    </datafield>
    <datafield tag="650" ind1=" " ind2="0">
      <subfield code="a">Manuscripts, Arabic</subfield>
      <subfield code="z">New Jersey</subfield>
      <subfield code="z">Princeton.</subfield>
    </datafield>
    <datafield tag="650" ind1=" " ind2="0">
      <subfield code="a">Time measurements</subfield>
      <subfield code="z">Islamic empire</subfield>
      <subfield code="v">Early works to 1800.</subfield>
    </datafield>
    <datafield tag="773" ind1="0" ind2=" ">
      <subfield code="7">nntm</subfield>
      <subfield code="t">Majmūʻah-yi rasāʾil-i nādirah,</subfield>
      <subfield code="g">fol. 72b-82b.</subfield>
      <subfield code="w">9954368663506421</subfield>
    </datafield>
    <datafield tag="880" ind1=" " ind2=" ">
      <subfield code="6">500-00/(3/r</subfield>
      <subfield code="a">Explicit: الباب السادس فى السموت ادخل بنصف تمام عدد السمت على صه ... والتفاوت بين نصف القطر وموقع الاوّل بعد المركز</subfield>
    </datafield>
    <datafield tag="880" ind1=" " ind2=" ">
      <subfield code="6">500-00/(3/r</subfield>
      <subfield code="a">Incipit: هذه رسالة فى معرفة استخراج ... ستت ابواب الباب الاول فى الافق ادخل بنصف العرض فى الجدول تجد الموقع الشمالى وزد نصف</subfield>
    </datafield>
    <datafield tag="856" ind1="4" ind2="1">
      <subfield code="u">http://arks.princeton.edu/ark:/88435/r781wg07m</subfield>
    </datafield>
    <datafield tag="852" ind1="8" ind2=" ">
      <subfield code="b">rare</subfield>
      <subfield code="c">hsvm</subfield>
      <subfield code="h">Islamic Manuscripts, Garrett no. 373Y</subfield>
      <subfield code="8">22482073270006421</subfield>
    </datafield>
  </record>