
  <record>
    <leader>06818dta a2200409Ia 4500</leader>
    <controlfield tag="005">20220325145041.0</controlfield>
    <controlfield tag="008">080407m16501651tu            000 0 ara d</controlfield>
    <controlfield tag="001">9954369023506421</controlfield>
    <datafield tag="035" ind1=" " ind2=" ">
      <subfield code="a">(NjP)5436902-princetondb</subfield>
    </datafield>
    <datafield tag="035" ind1=" " ind2=" ">
      <subfield code="a">(OCoLC)220892929</subfield>
    </datafield>
    <datafield tag="035" ind1=" " ind2=" ">
      <subfield code="a">(OCoLC)ocn220892929</subfield>
    </datafield>
    <datafield tag="035" ind1=" " ind2=" ">
      <subfield code="a">5436902</subfield>
    </datafield>
    <datafield tag="040" ind1=" " ind2=" ">
      <subfield code="a">PUL</subfield>
      <subfield code="c">PUL</subfield>
      <subfield code="e">amremm</subfield>
    </datafield>
    <datafield tag="043" ind1=" " ind2=" ">
      <subfield code="a">n-us-nj</subfield>
      <subfield code="a">a-tu---</subfield>
    </datafield>
    <datafield tag="049" ind1=" " ind2=" ">
      <subfield code="a">PULL</subfield>
    </datafield>
    <datafield tag="066" ind1=" " ind2=" ">
      <subfield code="c">(3</subfield>
    </datafield>
    <datafield tag="100" ind1="1" ind2=" ">
      <subfield code="6">880-01</subfield>
      <subfield code="a">Wafāʼī, ʻAbd al-ʻAzīz ibn Muḥammad,</subfield>
      <subfield code="d">active 15th century.</subfield>
      <subfield code="0">http://id.loc.gov/authorities/names/no2008117548</subfield>
    </datafield>
    <datafield tag="880" ind1="1" ind2=" ">
      <subfield code="6">100-01/(3/r</subfield>
      <subfield code="a">وفائي، عبد العزيز بن محمد</subfield>
    </datafield>
    <datafield tag="245" ind1="1" ind2="0">
      <subfield code="6">880-02</subfield>
      <subfield code="a">Risālat al-asṭurlāb al-tāmm /</subfield>
      <subfield code="c">taʼlīf al-Shaykh al-imām al-ʻālim al-ʻallāmah ʻIzz al-Dīn al-Wafāʼī.</subfield>
    </datafield>
    <datafield tag="880" ind1="1" ind2="0">
      <subfield code="6">245-02/(3/r</subfield>
      <subfield code="a">رسالة الاسطرلاب التام /</subfield>
      <subfield code="c">تأليف الشيخ الامام العالم العلامة عز الدين الوفائي</subfield>
    </datafield>
    <datafield tag="260" ind1=" " ind2=" ">
      <subfield code="a">[Istanbul,</subfield>
      <subfield code="c">1650-1651]</subfield>
    </datafield>
    <datafield tag="500" ind1=" " ind2=" ">
      <subfield code="a">20220325deletesforjoycekpc</subfield>
    </datafield>
    <datafield tag="500" ind1=" " ind2=" ">
      <subfield code="a">Ms. component part.</subfield>
    </datafield>
    <datafield tag="500" ind1=" " ind2=" ">
      <subfield code="a">Origin: The date of copy of this text is not mentioned explicitly; however, it appears to be by the same hand as other texts in the ms., copied from Jumādá al-Ulá 1060 to Ṣafar 1061H. in Qusṭanṭinīyah.</subfield>
    </datafield>
    <datafield tag="500" ind1=" " ind2=" ">
      <subfield code="a">Title from title page (fol. 135a).</subfield>
    </datafield>
    <datafield tag="510" ind1="4" ind2=" ">
      <subfield code="a">Mach, R. Yahuda,</subfield>
      <subfield code="c">4923</subfield>
    </datafield>
    <datafield tag="520" ind1="8" ind2=" ">
      <subfield code="a">Treatise on an astrolabe (al-asṭurlāb al-tāmm) made by Shihāb al-Dīn Aḥmad ibn al-Sarrāj, in four parts (maqālah).</subfield>
    </datafield>
    <datafield tag="600" ind1="1" ind2="0">
      <subfield code="a">Ibn al-Sarrāj, Aḥmad ibn Abī Bakr,</subfield>
      <subfield code="d">active 14th century.</subfield>
      <subfield code="0">http://id.loc.gov/authorities/names/no2008119732</subfield>
    </datafield>
    <datafield tag="650" ind1=" " ind2="0">
      <subfield code="a">Astrolabes</subfield>
      <subfield code="z">Islamic Empire</subfield>
      <subfield code="y">15th century.</subfield>
    </datafield>
    <datafield tag="650" ind1=" " ind2="0">
      <subfield code="a">Astronomical instruments</subfield>
      <subfield code="z">Islamic Empire</subfield>
      <subfield code="y">15th century.</subfield>
    </datafield>
    <datafield tag="650" ind1=" " ind2="0">
      <subfield code="a">Astronomy, Arab</subfield>
      <subfield code="y">15th century.</subfield>
    </datafield>
    <datafield tag="650" ind1=" " ind2="0">
      <subfield code="a">Manuscripts, Arabic</subfield>
      <subfield code="z">New Jersey</subfield>
      <subfield code="z">Princeton.</subfield>
    </datafield>
    <datafield tag="773" ind1="0" ind2=" ">
      <subfield code="7">nntm</subfield>
      <subfield code="t">Majmūʻa-yi rasāʼil-i nādirah,</subfield>
      <subfield code="g">fol. 135a-144a.</subfield>
      <subfield code="w">9954368663506421</subfield>
    </datafield>
    <datafield tag="880" ind1=" " ind2=" ">
      <subfield code="6">500-00/(3/r</subfield>
      <subfield code="a">Explicit: وزدها عليها ان كانت جنوبية تحصل المطلوب واما بالكواكب فقد تقدم الكلام عليه فلا فايدة في اعادته وصلى الله علي سيدنا محمد وآله وصحبه وليعمل الناظر في هذه الرسالة اننى لم اجد لهذه الآلة الشريفة شرحا وانما ذكرتُ ما فتح الله تعالي علي سبيل الاختصار فخير الكلام ما قلّ ودلّ وما امل تمت الرسالة بحمد الله وعونه</subfield>
    </datafield>
    <datafield tag="880" ind1=" " ind2=" ">
      <subfield code="6">500-00/(3/r</subfield>
      <subfield code="a">Incipit: قال الشيخ الامام ... عز الدين الوفائي ... بسم الله الرحمن الرحيم الحمد للّه رب العالمين وصلى الله على ... وبعد فقد سألني من يحب حقه عليَّ ان اصنع له رسالة لطيفة علي الاسطرلاب التام الذي وضعه الشيخ الامام شهاب الدين احمد بن السراج ... فاجبته الي سواله ... فاقول قد اشتمل هذا الاسطرلاب على ه صفايح</subfield>
    </datafield>
    <datafield tag="856" ind1="4" ind2="1">
      <subfield code="u">http://arks.princeton.edu/ark:/88435/r781wg07m</subfield>
    </datafield>
    <datafield tag="852" ind1="8" ind2=" ">
      <subfield code="b">rare</subfield>
      <subfield code="c">hsvm</subfield>
      <subfield code="h">Islamic Manuscripts, Garrett no. 373Y</subfield>
      <subfield code="8">22482087870006421</subfield>
    </datafield>
  </record>