
  <record>
    <leader>04368dta a2200385Ia 4500</leader>
    <controlfield tag="005">20220325145042.0</controlfield>
    <controlfield tag="008">080407m16501651tu            000 0 ara d</controlfield>
    <controlfield tag="001">9954369053506421</controlfield>
    <datafield tag="035" ind1=" " ind2=" ">
      <subfield code="a">(NjP)5436905-princetondb</subfield>
    </datafield>
    <datafield tag="035" ind1=" " ind2=" ">
      <subfield code="a">(OCoLC)220893114</subfield>
    </datafield>
    <datafield tag="035" ind1=" " ind2=" ">
      <subfield code="a">(OCoLC)ocn220893114</subfield>
    </datafield>
    <datafield tag="035" ind1=" " ind2=" ">
      <subfield code="a">5436905</subfield>
    </datafield>
    <datafield tag="040" ind1=" " ind2=" ">
      <subfield code="a">PUL</subfield>
      <subfield code="c">PUL</subfield>
      <subfield code="e">amremm</subfield>
    </datafield>
    <datafield tag="043" ind1=" " ind2=" ">
      <subfield code="a">n-us-nj</subfield>
    </datafield>
    <datafield tag="049" ind1=" " ind2=" ">
      <subfield code="a">PULL</subfield>
    </datafield>
    <datafield tag="066" ind1=" " ind2=" ">
      <subfield code="c">(3</subfield>
    </datafield>
    <datafield tag="100" ind1="1" ind2=" ">
      <subfield code="6">880-01</subfield>
      <subfield code="a">Wafāʼī, ʻAbd al-ʻAzīz ibn Muḥammad,</subfield>
      <subfield code="d">active 15th century.</subfield>
      <subfield code="0">http://id.loc.gov/authorities/names/no2008117548</subfield>
    </datafield>
    <datafield tag="880" ind1="1" ind2=" ">
      <subfield code="6">100-01/(3/r</subfield>
      <subfield code="a">وفائي، عبد العزيز بن محمد</subfield>
    </datafield>
    <datafield tag="245" ind1="1" ind2="3">
      <subfield code="6">880-02</subfield>
      <subfield code="a">al-Ishārāt fī al-ʻamal bi-al-jayb al-mawḍūʻ ʻalayhi al-madārāt.</subfield>
    </datafield>
    <datafield tag="880" ind1="1" ind2="2">
      <subfield code="6">245-02/(3/r</subfield>
      <subfield code="a">الاشارات في العمل بالجيب الموضوع عليه المدارات</subfield>
    </datafield>
    <datafield tag="260" ind1=" " ind2=" ">
      <subfield code="a">[Istanbul,</subfield>
      <subfield code="c">1650-1651]</subfield>
    </datafield>
    <datafield tag="500" ind1=" " ind2=" ">
      <subfield code="a">20220325deletesforjoycekpc</subfield>
    </datafield>
    <datafield tag="500" ind1=" " ind2=" ">
      <subfield code="a">Ms. component part.</subfield>
    </datafield>
    <datafield tag="500" ind1=" " ind2=" ">
      <subfield code="a">Origin: The date of copy of this text is not mentioned explicitly; however, it appears to be by the same hand as other texts in the ms., copied from Jumādá al-Ulá 1060 to Ṣafar 1061H. in Qusṭanṭinīyah.</subfield>
    </datafield>
    <datafield tag="500" ind1=" " ind2=" ">
      <subfield code="a">Title from beginning of text (fol. 144b). The same title with the name of the author appears on fol. 135a.</subfield>
    </datafield>
    <datafield tag="510" ind1="4" ind2=" ">
      <subfield code="a">Mach, R. Yahuda,</subfield>
      <subfield code="c">4924</subfield>
    </datafield>
    <datafield tag="520" ind1="8" ind2=" ">
      <subfield code="a">Treatise on the use of an astronomical instrument.</subfield>
    </datafield>
    <datafield tag="650" ind1=" " ind2="0">
      <subfield code="a">Astronomical instruments</subfield>
      <subfield code="x">History</subfield>
      <subfield code="z">Islamic Empire</subfield>
      <subfield code="y">15th century</subfield>
      <subfield code="v">Sources.</subfield>
    </datafield>
    <datafield tag="650" ind1=" " ind2="0">
      <subfield code="a">Astronomy, Arab</subfield>
      <subfield code="y">15th century.</subfield>
    </datafield>
    <datafield tag="650" ind1=" " ind2="0">
      <subfield code="a">Manuscripts, Arabic</subfield>
      <subfield code="z">New Jersey</subfield>
      <subfield code="z">Princeton.</subfield>
    </datafield>
    <datafield tag="773" ind1="0" ind2=" ">
      <subfield code="7">nntm</subfield>
      <subfield code="t">Majmūʻa-yi rasāʼil-i nādirah,</subfield>
      <subfield code="g">fol. 144b-145b.</subfield>
      <subfield code="w">9954368663506421</subfield>
    </datafield>
    <datafield tag="880" ind1=" " ind2=" ">
      <subfield code="6">500-00/(3/r</subfield>
      <subfield code="a">Explicit: بلغ مطالع لغروب وان اقمت بُعد كوكب كالميل كان له كلّما تقدّم وفي هذا القدر كفاية والله اعلم تمّت بحمد الله وعونه</subfield>
    </datafield>
    <datafield tag="880" ind1=" " ind2=" ">
      <subfield code="6">500-00/(3/r</subfield>
      <subfield code="a">Incipit: الحمد للّه ربّ العالمين والصلواته ... وبعد هذه رسالة لطيفة سميتها الاشارات قي العمل ... المدارات امّا وكيفية اخذ الارتفاع ومعرفة جيب القوس وقوس الجيب وموضع الدرحة في القوس فكل ذلك ظاهر</subfield>
    </datafield>
    <datafield tag="856" ind1="4" ind2="1">
      <subfield code="u">http://arks.princeton.edu/ark:/88435/r781wg07m</subfield>
    </datafield>
    <datafield tag="852" ind1="8" ind2=" ">
      <subfield code="b">rare</subfield>
      <subfield code="c">hsvm</subfield>
      <subfield code="h">Islamic Manuscripts, Garrett no. 373Y</subfield>
      <subfield code="8">22482078140006421</subfield>
    </datafield>
  </record>