
  <record>
    <leader>05432dta a2200457Ia 4500</leader>
    <controlfield tag="005">20220325145045.0</controlfield>
    <controlfield tag="008">080407s1650    tu            000 0 ara d</controlfield>
    <controlfield tag="001">9954369093506421</controlfield>
    <datafield tag="035" ind1=" " ind2=" ">
      <subfield code="a">(NjP)5436909-princetondb</subfield>
    </datafield>
    <datafield tag="035" ind1=" " ind2=" ">
      <subfield code="a">(OCoLC)220893572</subfield>
    </datafield>
    <datafield tag="035" ind1=" " ind2=" ">
      <subfield code="a">(OCoLC)ocn220893572</subfield>
    </datafield>
    <datafield tag="035" ind1=" " ind2=" ">
      <subfield code="a">5436909</subfield>
    </datafield>
    <datafield tag="040" ind1=" " ind2=" ">
      <subfield code="a">PUL</subfield>
      <subfield code="c">PUL</subfield>
      <subfield code="e">amremm</subfield>
    </datafield>
    <datafield tag="043" ind1=" " ind2=" ">
      <subfield code="a">n-us-nj</subfield>
      <subfield code="a">a-tu---</subfield>
    </datafield>
    <datafield tag="049" ind1=" " ind2=" ">
      <subfield code="a">PULL</subfield>
    </datafield>
    <datafield tag="066" ind1=" " ind2=" ">
      <subfield code="c">(3</subfield>
    </datafield>
    <datafield tag="100" ind1="1" ind2=" ">
      <subfield code="6">880-01</subfield>
      <subfield code="a">Ibn al-Ghazūlī, Muḥammad,</subfield>
      <subfield code="d">fl. 1344.</subfield>
    </datafield>
    <datafield tag="880" ind1="1" ind2=" ">
      <subfield code="6">100-01/(3/r</subfield>
      <subfield code="a">ابن الغزولي، محمد</subfield>
    </datafield>
    <datafield tag="245" ind1="1" ind2="0">
      <subfield code="6">880-02</subfield>
      <subfield code="a">Kayfīyat al-ʻamal bi-al-rubʻ al-mansūb lil-musātarah.</subfield>
    </datafield>
    <datafield tag="880" ind1="1" ind2="0">
      <subfield code="6">245-02/(3/r</subfield>
      <subfield code="a">كيفية العمل بالربع المنسوب للمساترة</subfield>
    </datafield>
    <datafield tag="246" ind1="1" ind2=" ">
      <subfield code="6">880-03</subfield>
      <subfield code="i">Title on fol. 158a:</subfield>
      <subfield code="a">ʻAlá al-rubʻ al-musattar</subfield>
    </datafield>
    <datafield tag="880" ind1="1" ind2=" ">
      <subfield code="6">246-03/(3/r</subfield>
      <subfield code="a">على الربع المستر</subfield>
    </datafield>
    <datafield tag="246" ind1="1" ind2=" ">
      <subfield code="6">880-04</subfield>
      <subfield code="i">Title in GAL and King, D. Survey:</subfield>
      <subfield code="a">Risālah fī rubʻ al-musātarah</subfield>
    </datafield>
    <datafield tag="880" ind1="1" ind2=" ">
      <subfield code="6">246-04/(3/r</subfield>
      <subfield code="a">رسالة في ربع المساترة</subfield>
    </datafield>
    <datafield tag="260" ind1=" " ind2=" ">
      <subfield code="a">[Istanbul,</subfield>
      <subfield code="c">1650]</subfield>
    </datafield>
    <datafield tag="500" ind1=" " ind2=" ">
      <subfield code="a">20220325deletesforjoycekpc</subfield>
    </datafield>
    <datafield tag="500" ind1=" " ind2=" ">
      <subfield code="a">Ms. component part.</subfield>
    </datafield>
    <datafield tag="500" ind1=" " ind2=" ">
      <subfield code="a">Origin: Copied on 2 Ramaḍān 1060 in Constantinople (Qusṭanṭinīyah) (colophon, fol. 164a).</subfield>
    </datafield>
    <datafield tag="500" ind1=" " ind2=" ">
      <subfield code="a">Title provided by cataloger, according to the beginning of the text.</subfield>
    </datafield>
    <datafield tag="510" ind1="4" ind2=" ">
      <subfield code="a">Brockelmann, C. GAL,</subfield>
      <subfield code="c">II, 255 (2/4)</subfield>
    </datafield>
    <datafield tag="510" ind1="4" ind2=" ">
      <subfield code="a">King, D. Survey of the scientific manuscripts, 1986,</subfield>
      <subfield code="c">C33</subfield>
    </datafield>
    <datafield tag="510" ind1="4" ind2=" ">
      <subfield code="a">Mach, R. Yahuda,</subfield>
      <subfield code="c">4903</subfield>
    </datafield>
    <datafield tag="520" ind1="8" ind2=" ">
      <subfield code="a">Treatise in fifteen chapters (bāb) and an introduction, on a quadrant called "rubʻ al-musātarah".</subfield>
    </datafield>
    <datafield tag="650" ind1=" " ind2="0">
      <subfield code="a">Manuscripts, Arabic</subfield>
      <subfield code="z">New Jersey</subfield>
      <subfield code="z">Princeton.</subfield>
    </datafield>
    <datafield tag="650" ind1=" " ind2="0">
      <subfield code="a">Quadrants (Astronomical instruments)</subfield>
      <subfield code="z">Islamic empire</subfield>
      <subfield code="y">14th century.</subfield>
    </datafield>
    <datafield tag="650" ind1=" " ind2="0">
      <subfield code="a">Time measurements</subfield>
      <subfield code="x">Instruments</subfield>
      <subfield code="z">Islamic empire</subfield>
      <subfield code="y">14th century.</subfield>
    </datafield>
    <datafield tag="773" ind1="0" ind2=" ">
      <subfield code="7">nntm</subfield>
      <subfield code="t">Majmūʻa-yi rasāʾil-i nādirah,</subfield>
      <subfield code="g">fol. 158a-164a.</subfield>
      <subfield code="w">9954368663506421</subfield>
    </datafield>
    <datafield tag="880" ind1=" " ind2=" ">
      <subfield code="6">500-00/(3/r</subfield>
      <subfield code="a">Explicit: وامّا ما يتفرع من هذه الابواب فلا يخفي على من عنده ادنا تأمل والله الموفق للصواب والحمد لله وحده وصلى الله على سيدنا محمد وعلى آله وصحبه وسلّم تمت الكتاب</subfield>
    </datafield>
    <datafield tag="880" ind1=" " ind2=" ">
      <subfield code="6">500-00/(3/r</subfield>
      <subfield code="a">Incipit: قال الشيخ الامام ... ابو عبد الله محمد بن الغزولي ... الحمد لله ربّ العالمين ... وبعد فانّه سألنى من يجب امتثال اوامره ان اذكر له كيفية العمل بالربع المنسوب للمساترة الذي وضعته بغير قوس ارتفاع فاجبته ... فاقول ... انني لما تاملت المساترة الليلية المرسوم في سطح الافق</subfield>
    </datafield>
    <datafield tag="856" ind1="4" ind2="1">
      <subfield code="u">http://arks.princeton.edu/ark:/88435/r781wg07m</subfield>
    </datafield>
    <datafield tag="852" ind1="8" ind2=" ">
      <subfield code="b">rare</subfield>
      <subfield code="c">hsvm</subfield>
      <subfield code="h">Islamic Manuscripts, Garrett no. 373Y</subfield>
      <subfield code="8">22482094430006421</subfield>
    </datafield>
  </record>