
  <record>
    <leader>06417dta a2200457Ia 4500</leader>
    <controlfield tag="005">20220325145047.0</controlfield>
    <controlfield tag="008">080407s1650    xx            000 0 ara d</controlfield>
    <controlfield tag="001">9954369123506421</controlfield>
    <datafield tag="035" ind1=" " ind2=" ">
      <subfield code="a">(NjP)5436912-princetondb</subfield>
    </datafield>
    <datafield tag="035" ind1=" " ind2=" ">
      <subfield code="a">(OCoLC)220893940</subfield>
    </datafield>
    <datafield tag="035" ind1=" " ind2=" ">
      <subfield code="a">(OCoLC)ocn220893940</subfield>
    </datafield>
    <datafield tag="035" ind1=" " ind2=" ">
      <subfield code="a">5436912</subfield>
    </datafield>
    <datafield tag="040" ind1=" " ind2=" ">
      <subfield code="a">PUL</subfield>
      <subfield code="c">PUL</subfield>
      <subfield code="e">amremm</subfield>
    </datafield>
    <datafield tag="043" ind1=" " ind2=" ">
      <subfield code="a">n-us-nj</subfield>
    </datafield>
    <datafield tag="049" ind1=" " ind2=" ">
      <subfield code="a">PULL</subfield>
    </datafield>
    <datafield tag="066" ind1=" " ind2=" ">
      <subfield code="c">(3</subfield>
    </datafield>
    <datafield tag="100" ind1="1" ind2=" ">
      <subfield code="6">880-01</subfield>
      <subfield code="a">Ibn al-Shāṭir, ʻAlī ibn Ibrāhīm,</subfield>
      <subfield code="d">1304-1375.</subfield>
      <subfield code="0">http://id.loc.gov/authorities/names/n85026560</subfield>
    </datafield>
    <datafield tag="880" ind1="1" ind2=" ">
      <subfield code="6">100-01/(3/r</subfield>
      <subfield code="a">ابن الشاطر، علي بن ابراهيم</subfield>
    </datafield>
    <datafield tag="245" ind1="1" ind2="3">
      <subfield code="6">880-02</subfield>
      <subfield code="a">al-Zand al-murʾī fī al-ʻamal bi-al-rubʻ al-mujayyab bi-ghayr murī /</subfield>
      <subfield code="c">taṣnīf al-Shaykh al-imām al-ʻālim al-ʻāmil al-muttaqin al-muḥaqqiq ... ʻAlā al-Dīn Abī al-Ḥasan ʻAlī ibn Ibrāhīm ibn Muḥammad al-Anṣārī al-muṭaʻʻim al-Dimashqī al-maʻrūf bi-Ibn al-Shāṭir al-muwaqqit bil-Jāmiʻ al-Umawī.</subfield>
    </datafield>
    <datafield tag="880" ind1="1" ind2="2">
      <subfield code="6">245-02/(3/r</subfield>
      <subfield code="a">الزند المرئي في العمل بالربع المجيب بغير مري</subfield>
    </datafield>
    <datafield tag="246" ind1="1" ind2=" ">
      <subfield code="6">880-03</subfield>
      <subfield code="i">Title in Escorial, Derenbourg, no. 970/8:</subfield>
      <subfield code="a">Zubd al-marʾá fī al-ʻamal bi-ghayr murī</subfield>
    </datafield>
    <datafield tag="880" ind1="1" ind2=" ">
      <subfield code="6">246-03/(3/r</subfield>
      <subfield code="a">زبد المرئى في العمل بغير مري</subfield>
    </datafield>
    <datafield tag="260" ind1=" " ind2=" ">
      <subfield code="a">[Istanbul,</subfield>
      <subfield code="c">1650]</subfield>
    </datafield>
    <datafield tag="500" ind1=" " ind2=" ">
      <subfield code="a">20220325deletesforjoycekpc</subfield>
    </datafield>
    <datafield tag="500" ind1=" " ind2=" ">
      <subfield code="a">Ms. component part.</subfield>
    </datafield>
    <datafield tag="500" ind1=" " ind2=" ">
      <subfield code="a">Origin: Copied in the night of [26] ("kw") Dhū al-Ḥijjah 1060 (colophon, fol. 180a). The place of copy is mentioned on fol. 164a as being Qusṭanṭinīyah.</subfield>
    </datafield>
    <datafield tag="500" ind1=" " ind2=" ">
      <subfield code="a">Title from title page (fol. 172a).</subfield>
    </datafield>
    <datafield tag="510" ind1="4" ind2=" ">
      <subfield code="a">Mach, R. Yahuda,</subfield>
      <subfield code="c">4909</subfield>
    </datafield>
    <datafield tag="520" ind1="8" ind2=" ">
      <subfield code="a">Treatise in 21 chapters (bāb) and an introduction, on the use of the sine quadrant, completed in 756 H. [1355] (see end of the text, fol. 180a). The same text, with no mention of the author's name, is found in Escorial, Derenbourg, no. 970/8, under the title "al-Zubd al-marʾá fī al-ʻamal bi-ghayr murī". Several treatises of Ibn al-Shāṭir are listed in the text.</subfield>
    </datafield>
    <datafield tag="600" ind1="1" ind2="0">
      <subfield code="6">880-04</subfield>
      <subfield code="a">Ibn al-Shāṭir, ʻAlī ibn Ibrāhīm,</subfield>
      <subfield code="d">1304-1375</subfield>
      <subfield code="v">Bibliography</subfield>
      <subfield code="v">Early works to 1800.</subfield>
    </datafield>
    <datafield tag="880" ind1="1" ind2="0">
      <subfield code="6">600-04/(3/r</subfield>
      <subfield code="a">ابن الشاطر، علي بن ابراهيم</subfield>
    </datafield>
    <datafield tag="650" ind1=" " ind2="0">
      <subfield code="a">Astronomical instruments</subfield>
      <subfield code="z">Islamic Empire</subfield>
      <subfield code="y">14th century.</subfield>
    </datafield>
    <datafield tag="650" ind1=" " ind2="0">
      <subfield code="a">Astronomy, Arab</subfield>
      <subfield code="y">14th century.</subfield>
    </datafield>
    <datafield tag="650" ind1=" " ind2="0">
      <subfield code="a">Manuscripts, Arabic</subfield>
      <subfield code="z">New Jersey</subfield>
      <subfield code="z">Princeton.</subfield>
    </datafield>
    <datafield tag="650" ind1=" " ind2="0">
      <subfield code="a">Quadrants (Astronomical instruments)</subfield>
      <subfield code="z">Islamic Empire</subfield>
      <subfield code="y">14th century.</subfield>
    </datafield>
    <datafield tag="650" ind1=" " ind2="0">
      <subfield code="a">Time measurements</subfield>
      <subfield code="x">Instruments</subfield>
      <subfield code="z">Islamic Empire</subfield>
      <subfield code="y">14th century.</subfield>
    </datafield>
    <datafield tag="773" ind1="0" ind2=" ">
      <subfield code="7">nntm</subfield>
      <subfield code="t">Majmūʻa-yi rasāʾil-i nādirah,</subfield>
      <subfield code="g">fol. 172a-180a.</subfield>
      <subfield code="w">9954368663506421</subfield>
    </datafield>
    <datafield tag="880" ind1=" " ind2=" ">
      <subfield code="6">500-00/(3/r</subfield>
      <subfield code="a">Explicit: وفي غير ذلك من الرسايل فليعمل منهناك ولنجعل هذا اخر الرسالة قال المصنف علي ابن الشاطر ... فرغت من تصنيفها في سابع شهر الله المحرم سنة 756 هجرية والحمد لله ربّ العالمين تمت الرسالة</subfield>
    </datafield>
    <datafield tag="880" ind1=" " ind2=" ">
      <subfield code="6">500-00/(3/r</subfield>
      <subfield code="a">Incipit: الحمد لله حمداً يليق بخلاله وصلي الله ... وبعد فانه يقول علي بن ابراهيم بن محمد المعروف بابن الشاطر الموقت بالجامع الاموي ... اني كنت صنفت رسايل في العمل بالربع المجيّب جامعة لجميع الاعمال الفلكية في كل عرض</subfield>
    </datafield>
    <datafield tag="856" ind1="4" ind2="1">
      <subfield code="u">http://arks.princeton.edu/ark:/88435/r781wg07m</subfield>
    </datafield>
    <datafield tag="852" ind1="8" ind2=" ">
      <subfield code="b">rare</subfield>
      <subfield code="c">hsvm</subfield>
      <subfield code="h">Islamic Manuscripts, Garrett no. 373Y</subfield>
      <subfield code="8">22482127260006421</subfield>
    </datafield>
  </record>