
  <record>
    <leader>05595dta a2200385Ia 4500</leader>
    <controlfield tag="005">20220325145049.0</controlfield>
    <controlfield tag="008">080407s1651    tu            000 0 ara d</controlfield>
    <controlfield tag="001">9954369163506421</controlfield>
    <datafield tag="035" ind1=" " ind2=" ">
      <subfield code="a">(NjP)5436916-princetondb</subfield>
    </datafield>
    <datafield tag="035" ind1=" " ind2=" ">
      <subfield code="a">(OCoLC)220894181</subfield>
    </datafield>
    <datafield tag="035" ind1=" " ind2=" ">
      <subfield code="a">(OCoLC)ocn220894181</subfield>
    </datafield>
    <datafield tag="035" ind1=" " ind2=" ">
      <subfield code="a">5436916</subfield>
    </datafield>
    <datafield tag="040" ind1=" " ind2=" ">
      <subfield code="a">PUL</subfield>
      <subfield code="c">PUL</subfield>
      <subfield code="e">amremm</subfield>
    </datafield>
    <datafield tag="043" ind1=" " ind2=" ">
      <subfield code="a">n-us-nj</subfield>
      <subfield code="a">a-tu---</subfield>
    </datafield>
    <datafield tag="049" ind1=" " ind2=" ">
      <subfield code="a">PULL</subfield>
    </datafield>
    <datafield tag="066" ind1=" " ind2=" ">
      <subfield code="c">(3</subfield>
    </datafield>
    <datafield tag="100" ind1="1" ind2=" ">
      <subfield code="6">880-01</subfield>
      <subfield code="a">Bakhāniqī, Aḥmad ibn Muḥammad,</subfield>
      <subfield code="d">14th cent.</subfield>
    </datafield>
    <datafield tag="880" ind1="1" ind2=" ">
      <subfield code="6">100-01/(3/r</subfield>
      <subfield code="a">بخانقي، احمد بن محمد</subfield>
    </datafield>
    <datafield tag="245" ind1="1" ind2="3">
      <subfield code="6">880-02</subfield>
      <subfield code="a">al-Lafẓ al-muḥarrar fī al-rubʻ al-musattar /</subfield>
      <subfield code="c">lil-Shaykh Shihāb al-Dīn Aḥmad ibn Muḥammad al-Azharī al-NḤāNQī.</subfield>
    </datafield>
    <datafield tag="880" ind1="1" ind2="2">
      <subfield code="6">245-02/(3/r</subfield>
      <subfield code="a">اللفظ المحرر في الربع المستر /</subfield>
      <subfield code="c">للشيخ شهاب الدين احمد بن محمد الازهري النحانقي</subfield>
    </datafield>
    <datafield tag="260" ind1=" " ind2=" ">
      <subfield code="a">[Istanbul,</subfield>
      <subfield code="c">1651]</subfield>
    </datafield>
    <datafield tag="500" ind1=" " ind2=" ">
      <subfield code="a">20220325deletesforjoycekpc</subfield>
    </datafield>
    <datafield tag="500" ind1=" " ind2=" ">
      <subfield code="a">Ms. component part.</subfield>
    </datafield>
    <datafield tag="500" ind1=" " ind2=" ">
      <subfield code="a">Origin: Copied in the night of 13 Muḥarram [1061] ("ghayn-sīn-alif") (colophon, fol. 205b). The place of copy is mentioned as being Qusṭanṭinīyah on fol. 164a.</subfield>
    </datafield>
    <datafield tag="500" ind1=" " ind2=" ">
      <subfield code="a">Title from title page (fol. 199a).</subfield>
    </datafield>
    <datafield tag="510" ind1="4" ind2=" ">
      <subfield code="a">Mach, R. Yahuda,</subfield>
      <subfield code="c">4926</subfield>
    </datafield>
    <datafield tag="520" ind1="8" ind2=" ">
      <subfield code="a">Treatise in [30] ("L") chapters (bāb) on a quadrant, called "al-rubʻ al-musattar". The name of the author appears as al-Naḥāniqī on fol. 199a and at the beginning of the text. It could also be read al-Bakhāniqī, with the dot under the bāʾ missing. At the end of the text (fol. 205b), the name appears as al-Shaykh al-imām al-SṬḤī. On this, see Mach, R. Yahuda.</subfield>
    </datafield>
    <datafield tag="650" ind1=" " ind2="0">
      <subfield code="a">Astronomy, Arab</subfield>
      <subfield code="y">14th century.</subfield>
    </datafield>
    <datafield tag="650" ind1=" " ind2="0">
      <subfield code="a">Manuscripts, Arabic</subfield>
      <subfield code="z">New Jersey</subfield>
      <subfield code="z">Princeton.</subfield>
    </datafield>
    <datafield tag="650" ind1=" " ind2="0">
      <subfield code="a">Quadrants (Astronomical instruments)</subfield>
      <subfield code="z">Islamic empire</subfield>
      <subfield code="y">14th century.</subfield>
    </datafield>
    <datafield tag="773" ind1="0" ind2=" ">
      <subfield code="7">nntm</subfield>
      <subfield code="t">Majmūʻa-yi rasāʾil-i nādirah,</subfield>
      <subfield code="g">fol. 199a-205b.</subfield>
      <subfield code="w">9954368663506421</subfield>
    </datafield>
    <datafield tag="880" ind1=" " ind2=" ">
      <subfield code="6">500-00/(3/r</subfield>
      <subfield code="a">Explicit: فانظر ما بينهما من الدرج واضربه في نو وثلثى فما كان فهو ما بينهما من الاميال والله اعلم تمت الرسالة تصنيف الشيخ الامام السطحي نفع الله بها المسلمين</subfield>
    </datafield>
    <datafield tag="880" ind1=" " ind2=" ">
      <subfield code="6">500-00/(3/r</subfield>
      <subfield code="a">Incipit: قال الشيخ الامام شهاب الدين احمد بن محمد الازهري الشهير بالنحانقي ... هذه رسالة وحيزة سمّيتها باللفظ المحرّر في اعمال الربع المستّر ولم اقصد بها امتيازاً علي من سبقني ولكن قصدت النفع بها راجيا رحمة الله ... الباب ا في تسمية رسومه خط المشرق والمغرب وهو الاخذ من المركز الي</subfield>
    </datafield>
    <datafield tag="856" ind1="4" ind2="1">
      <subfield code="u">http://arks.princeton.edu/ark:/88435/r781wg07m</subfield>
    </datafield>
    <datafield tag="852" ind1="8" ind2=" ">
      <subfield code="b">rare</subfield>
      <subfield code="c">hsvm</subfield>
      <subfield code="h">Islamic Manuscripts, Garrett no. 373Y</subfield>
      <subfield code="8">22482092570006421</subfield>
    </datafield>
  </record>