
  <record>
    <leader>06220dta a2200457Ia 4500</leader>
    <controlfield tag="005">20220325145050.0</controlfield>
    <controlfield tag="008">080407s1651    tu            000 0 ara d</controlfield>
    <controlfield tag="001">9954369183506421</controlfield>
    <datafield tag="035" ind1=" " ind2=" ">
      <subfield code="a">(NjP)5436918-princetondb</subfield>
    </datafield>
    <datafield tag="035" ind1=" " ind2=" ">
      <subfield code="a">(OCoLC)220894300</subfield>
    </datafield>
    <datafield tag="035" ind1=" " ind2=" ">
      <subfield code="a">(OCoLC)ocn220894300</subfield>
    </datafield>
    <datafield tag="035" ind1=" " ind2=" ">
      <subfield code="a">5436918</subfield>
    </datafield>
    <datafield tag="040" ind1=" " ind2=" ">
      <subfield code="a">PUL</subfield>
      <subfield code="c">PUL</subfield>
      <subfield code="e">amremm</subfield>
    </datafield>
    <datafield tag="043" ind1=" " ind2=" ">
      <subfield code="a">n-us-nj</subfield>
      <subfield code="a">a-tu---</subfield>
    </datafield>
    <datafield tag="049" ind1=" " ind2=" ">
      <subfield code="a">PULL</subfield>
    </datafield>
    <datafield tag="066" ind1=" " ind2=" ">
      <subfield code="c">(3</subfield>
    </datafield>
    <datafield tag="100" ind1="1" ind2=" ">
      <subfield code="6">880-01</subfield>
      <subfield code="a">Ibn al-Shāṭir, ʻAlī ibn Ibrāhīm,</subfield>
      <subfield code="d">1304-1375.</subfield>
      <subfield code="0">http://id.loc.gov/authorities/names/n85026560</subfield>
    </datafield>
    <datafield tag="880" ind1="1" ind2=" ">
      <subfield code="6">100-01/(3/r</subfield>
      <subfield code="a">ابن الشاطر، علي بن ابراهيم</subfield>
    </datafield>
    <datafield tag="245" ind1="1" ind2="3">
      <subfield code="6">880-02</subfield>
      <subfield code="a">al-Amtiʻah al-lāmiʻah fī al-ʻamal bi-al-jāmah [sic] /</subfield>
      <subfield code="c">taṣnīf al-Shaykh al-imām al-ʻālim Nūr al-Dīn ʻAlī ibn Ibrahīm ibn Muḥammad al-muṭaʻʻim al-Anṣarī al-maʻrūf bil-Shāṭir.</subfield>
    </datafield>
    <datafield tag="880" ind1="1" ind2="2">
      <subfield code="6">245-02/(3/r</subfield>
      <subfield code="a">الامتعة اللامعة في العمل بالجامعة /</subfield>
      <subfield code="c">تصنيف الشيخ الامام العالم نور الدين علي بن ابرهيم بن محمد المطعم الانصري المعروف بالشاطر</subfield>
    </datafield>
    <datafield tag="246" ind1="1" ind2=" ">
      <subfield code="6">880-03</subfield>
      <subfield code="i">Title in beginning of text (fol. 206b, l. 8-9):</subfield>
      <subfield code="a">al-Amtiʻah al-lāmiʻah fī al-ʻamal bi-al-jāmiʻah</subfield>
    </datafield>
    <datafield tag="880" ind1="1" ind2=" ">
      <subfield code="6">246-03/(3/r</subfield>
      <subfield code="a">الامتعة اللامعة في العمل بالجامعة</subfield>
    </datafield>
    <datafield tag="246" ind1="1" ind2=" ">
      <subfield code="6">880-04</subfield>
      <subfield code="i">Title in Mach, R. Yahuda:</subfield>
      <subfield code="a">al-Ashiʻʻah al-lāmiʻah fī al-ʻamal bi-al-jāmiʻah</subfield>
    </datafield>
    <datafield tag="880" ind1="1" ind2=" ">
      <subfield code="6">246-04/(3/r</subfield>
      <subfield code="a">الاشعة اللامعة في العمل بالجامعة</subfield>
    </datafield>
    <datafield tag="260" ind1=" " ind2=" ">
      <subfield code="a">[Istanbul,</subfield>
      <subfield code="c">1651]</subfield>
    </datafield>
    <datafield tag="500" ind1=" " ind2=" ">
      <subfield code="a">20220325deletesforjoycekpc</subfield>
    </datafield>
    <datafield tag="500" ind1=" " ind2=" ">
      <subfield code="a">Ms. component part.</subfield>
    </datafield>
    <datafield tag="500" ind1=" " ind2=" ">
      <subfield code="a">Origin: Copied by Muḥammad ibn Muṣṭafá in the night of Friday 20 Shawwāl 1061 (colophon, fol. 227b). The place of copy appears as Qusṭanṭinīyah on fol. 164a.</subfield>
    </datafield>
    <datafield tag="500" ind1=" " ind2=" ">
      <subfield code="a">Title from title page (fol. 206a).</subfield>
    </datafield>
    <datafield tag="510" ind1="4" ind2=" ">
      <subfield code="a">Brockelmann, C. GAL,</subfield>
      <subfield code="c">SII, 157 (4/12)</subfield>
    </datafield>
    <datafield tag="510" ind1="4" ind2=" ">
      <subfield code="a">Mach, R. Yahuda,</subfield>
      <subfield code="c">4906</subfield>
    </datafield>
    <datafield tag="520" ind1="8" ind2=" ">
      <subfield code="a">Treatise on an instrument known as "al-jāmiʻah" (King: "a universal astrolabe of his own invention"), in sixty chapters (bāb) and an introduction. See King, David. Survey of the scientific manuscripts, 1986, C33.</subfield>
    </datafield>
    <datafield tag="650" ind1=" " ind2="0">
      <subfield code="a">Astrolabes</subfield>
      <subfield code="z">Islamic empire</subfield>
      <subfield code="y">14th century.</subfield>
    </datafield>
    <datafield tag="650" ind1=" " ind2="0">
      <subfield code="a">Astronomical instruments</subfield>
      <subfield code="z">Islamic empire</subfield>
      <subfield code="y">14th century.</subfield>
    </datafield>
    <datafield tag="650" ind1=" " ind2="0">
      <subfield code="a">Astronomy, Arab</subfield>
      <subfield code="y">14th century.</subfield>
    </datafield>
    <datafield tag="650" ind1=" " ind2="0">
      <subfield code="a">Manuscripts, Arabic</subfield>
      <subfield code="z">New Jersey</subfield>
      <subfield code="z">Princeton.</subfield>
    </datafield>
    <datafield tag="773" ind1="0" ind2=" ">
      <subfield code="7">nntm</subfield>
      <subfield code="t">Majmūʻa-yi rasāʾil-i nādirah,</subfield>
      <subfield code="g">fol. 206a-227b.</subfield>
      <subfield code="w">9954368663506421</subfield>
    </datafield>
    <datafield tag="880" ind1=" " ind2=" ">
      <subfield code="6">500-00/(3/r</subfield>
      <subfield code="a">Explicit: مكان الكوكب فاكتب عليه اسم ذلك الكوكب واستعمله ولنجعل هذا الباب آخر هذه الرسالة وبالله التوفيق وهو حسبنا ونعم الوكيل</subfield>
    </datafield>
    <datafield tag="880" ind1=" " ind2=" ">
      <subfield code="6">500-00/(3/r</subfield>
      <subfield code="a">Incipit: الحمد لله ذي النعم والالا المتفضل على عباده بجزيل العطا ... وبعد فانه يقول على بن ابرهيم ... هذه رسالة فى تلخيص العمل بالالة التي وضعتها المسماة بالجامعة وهي جامعة لجميع اعمال الفلك فى كل عرضه</subfield>
    </datafield>
    <datafield tag="856" ind1="4" ind2="1">
      <subfield code="u">http://arks.princeton.edu/ark:/88435/r781wg07m</subfield>
    </datafield>
    <datafield tag="852" ind1="8" ind2=" ">
      <subfield code="b">rare</subfield>
      <subfield code="c">hsvm</subfield>
      <subfield code="h">Islamic Manuscripts, Garrett no. 373Y</subfield>
      <subfield code="8">22482123000006421</subfield>
    </datafield>
  </record>