
  <record>
    <leader>01098dam a2200337 a 4500</leader>
    <controlfield tag="005">20200825154613.0</controlfield>
    <controlfield tag="008">010521s2001    enkacf   b    000 0 eng c</controlfield>
    <controlfield tag="001">9934697313506421</controlfield>
    <datafield tag="015" ind1=" " ind2=" ">
      <subfield code="a">GBA1-Y8727</subfield>
    </datafield>
    <datafield tag="020" ind1=" " ind2=" ">
      <subfield code="a">0718144023</subfield>
    </datafield>
    <datafield tag="035" ind1=" " ind2=" ">
      <subfield code="a">(OCoLC)46433388</subfield>
    </datafield>
    <datafield tag="035" ind1=" " ind2=" ">
      <subfield code="a">(CtY)FNY3036YL</subfield>
    </datafield>
    <datafield tag="035" ind1=" " ind2=" ">
      <subfield code="a">(CtY)4782621</subfield>
    </datafield>
    <datafield tag="035" ind1=" " ind2=" ">
      <subfield code="a">(CStRLIN)CTYAFNY3036-B</subfield>
    </datafield>
    <datafield tag="035" ind1=" " ind2=" ">
      <subfield code="a">(Uk)0718144023</subfield>
    </datafield>
    <datafield tag="035" ind1=" " ind2=" ">
      <subfield code="a">(CStRLIN)UKBPGBA1Y8727-B</subfield>
    </datafield>
    <datafield tag="035" ind1=" " ind2=" ">
      <subfield code="a">3469731</subfield>
    </datafield>
    <datafield tag="035" ind1=" " ind2=" ">
      <subfield code="a">(NjP)3469731-princetondb</subfield>
    </datafield>
    <datafield tag="040" ind1=" " ind2=" ">
      <subfield code="a">*UKM*</subfield>
      <subfield code="c">*UKM*</subfield>
      <subfield code="d">TxU</subfield>
      <subfield code="d">NN</subfield>
      <subfield code="d">CStRLIN</subfield>
      <subfield code="d">CtY</subfield>
    </datafield>
    <datafield tag="042" ind1=" " ind2=" ">
      <subfield code="a">pcc</subfield>
    </datafield>
    <datafield tag="050" ind1=" " ind2="4">
      <subfield code="a">GV838.672</subfield>
      <subfield code="b">.E36 2001b</subfield>
    </datafield>
    <datafield tag="082" ind1="1" ind2=" ">
      <subfield code="a">797.23</subfield>
      <subfield code="2">21</subfield>
    </datafield>
    <datafield tag="100" ind1="1" ind2=" ">
      <subfield code="a">Ecott, Tim.</subfield>
      <subfield code="0">http://id.loc.gov/authorities/names/n2001096032</subfield>
    </datafield>
    <datafield tag="245" ind1="1" ind2="0">
      <subfield code="a">Neutral buoyancy :</subfield>
      <subfield code="b">adventures in a liquid world /</subfield>
      <subfield code="c">Tim Ecott.</subfield>
    </datafield>
    <datafield tag="260" ind1=" " ind2=" ">
      <subfield code="a">London :</subfield>
      <subfield code="b">M. Joseph,</subfield>
      <subfield code="c">2001.</subfield>
    </datafield>
    <datafield tag="300" ind1=" " ind2=" ">
      <subfield code="a">xviii, 345 p., [8] p. of plates :</subfield>
      <subfield code="b">ill., ports. ;</subfield>
      <subfield code="c">23 cm.</subfield>
    </datafield>
    <datafield tag="504" ind1=" " ind2=" ">
      <subfield code="a">Includes bibliographical references (p. [341]-345).</subfield>
    </datafield>
    <datafield tag="650" ind1=" " ind2="0">
      <subfield code="a">Deep diving.</subfield>
      <subfield code="0">http://id.loc.gov/authorities/subjects/sh85038599</subfield>
    </datafield>
    <datafield tag="852" ind1="0" ind2=" ">
      <subfield code="b">firestone</subfield>
      <subfield code="c">stacks</subfield>
      <subfield code="h">GV838.672</subfield>
      <subfield code="i">.E36 2001b</subfield>
      <subfield code="8">22750599310006421</subfield>
    </datafield>
  </record>