
  <record>
    <leader>01141dam a2200313 a 4500</leader>
    <controlfield tag="005">20200826150826.0</controlfield>
    <controlfield tag="008">010718s2002    nbuaf    b   s001 0 eng  </controlfield>
    <controlfield tag="001">9936481703506421</controlfield>
    <datafield tag="010" ind1=" " ind2=" ">
      <subfield code="a">  2001043063</subfield>
    </datafield>
    <datafield tag="020" ind1=" " ind2=" ">
      <subfield code="a">0803292856 (pbk. : alk. paper)</subfield>
    </datafield>
    <datafield tag="035" ind1=" " ind2=" ">
      <subfield code="a">(OCoLC)47643746</subfield>
    </datafield>
    <datafield tag="035" ind1=" " ind2=" ">
      <subfield code="a">(CStRLIN)XBCP2001043063-B</subfield>
    </datafield>
    <datafield tag="035" ind1=" " ind2=" ">
      <subfield code="a">3648170</subfield>
    </datafield>
    <datafield tag="035" ind1=" " ind2=" ">
      <subfield code="a">(NjP)3648170-princetondb</subfield>
    </datafield>
    <datafield tag="040" ind1=" " ind2=" ">
      <subfield code="a">DLC</subfield>
      <subfield code="c">DLC</subfield>
      <subfield code="d">OrLoB</subfield>
    </datafield>
    <datafield tag="042" ind1=" " ind2=" ">
      <subfield code="a">pcc</subfield>
    </datafield>
    <datafield tag="043" ind1=" " ind2=" ">
      <subfield code="a">n-us---</subfield>
    </datafield>
    <datafield tag="050" ind1="0" ind2="0">
      <subfield code="a">GV863.A1</subfield>
      <subfield code="b">L28 2002</subfield>
    </datafield>
    <datafield tag="082" ind1="0" ind2="0">
      <subfield code="a">796.357/0973/09045</subfield>
      <subfield code="2">21</subfield>
    </datafield>
    <datafield tag="245" ind1="0" ind2="0">
      <subfield code="a">Late innings :</subfield>
      <subfield code="b">a documentary history of baseball, 1945-1972 /</subfield>
      <subfield code="c">compiled and edited by Dean A. Sullivan.</subfield>
    </datafield>
    <datafield tag="246" ind1="3" ind2="0">
      <subfield code="a">Documentary history of baseball, 1945-1972</subfield>
    </datafield>
    <datafield tag="260" ind1=" " ind2=" ">
      <subfield code="a">Lincoln :</subfield>
      <subfield code="b">University of Nebraska Press,</subfield>
      <subfield code="c">c2002.</subfield>
    </datafield>
    <datafield tag="300" ind1=" " ind2=" ">
      <subfield code="a">xxi, 299 p., [12] p. of plates :</subfield>
      <subfield code="b">ill. ;</subfield>
      <subfield code="c">23 cm.</subfield>
    </datafield>
    <datafield tag="500" ind1=" " ind2=" ">
      <subfield code="a">"A Bison original".</subfield>
    </datafield>
    <datafield tag="504" ind1=" " ind2=" ">
      <subfield code="a">Includes bibliographical references (p. 279-284) and index.</subfield>
    </datafield>
    <datafield tag="650" ind1=" " ind2="0">
      <subfield code="a">Baseball</subfield>
      <subfield code="z">United States</subfield>
      <subfield code="x">History</subfield>
      <subfield code="y">20th century</subfield>
      <subfield code="v">Sources.</subfield>
    </datafield>
    <datafield tag="700" ind1="1" ind2=" ">
      <subfield code="a">Sullivan, Dean A.,</subfield>
      <subfield code="d">1963-</subfield>
      <subfield code="0">http://id.loc.gov/authorities/names/n94070916</subfield>
    </datafield>
    <datafield tag="852" ind1="0" ind2=" ">
      <subfield code="b">firestone</subfield>
      <subfield code="c">stacks</subfield>
      <subfield code="h">GV863.A1</subfield>
      <subfield code="i">L28 2002</subfield>
      <subfield code="8">22744257700006421</subfield>
    </datafield>
  </record>