
  <record>
    <leader>00774dam a2200229 a 4500</leader>
    <controlfield tag="005">20200826151203.0</controlfield>
    <controlfield tag="008">000821s1999    enkac         000 0 eng  </controlfield>
    <controlfield tag="001">9936512643506421</controlfield>
    <datafield tag="020" ind1=" " ind2=" ">
      <subfield code="a">1858687500 (pbk.)</subfield>
    </datafield>
    <datafield tag="035" ind1=" " ind2=" ">
      <subfield code="a">3651264</subfield>
    </datafield>
    <datafield tag="035" ind1=" " ind2=" ">
      <subfield code="a">(OCoLC)ocm41464954</subfield>
    </datafield>
    <datafield tag="035" ind1=" " ind2=" ">
      <subfield code="a">(NjP)3651264-princetondb</subfield>
    </datafield>
    <datafield tag="040" ind1=" " ind2=" ">
      <subfield code="a">BDS</subfield>
      <subfield code="c">BDS</subfield>
      <subfield code="d">Uk</subfield>
      <subfield code="d">NjP</subfield>
    </datafield>
    <datafield tag="050" ind1=" " ind2="4">
      <subfield code="a">GV718</subfield>
      <subfield code="b">.B674 1999</subfield>
    </datafield>
    <datafield tag="100" ind1="1" ind2=" ">
      <subfield code="a">Bose, Mihir,</subfield>
      <subfield code="d">1947-</subfield>
      <subfield code="0">http://id.loc.gov/authorities/names/n80092335</subfield>
    </datafield>
    <datafield tag="245" ind1="1" ind2="0">
      <subfield code="a">Sports Babylon /</subfield>
      <subfield code="c">Mihir Bose.</subfield>
    </datafield>
    <datafield tag="260" ind1=" " ind2=" ">
      <subfield code="a">London :</subfield>
      <subfield code="b">Carlton,</subfield>
      <subfield code="c">1999.</subfield>
    </datafield>
    <datafield tag="300" ind1=" " ind2=" ">
      <subfield code="a">224 p. :</subfield>
      <subfield code="b">ill., ports. ;</subfield>
      <subfield code="c">26 cm.</subfield>
    </datafield>
    <datafield tag="650" ind1=" " ind2="0">
      <subfield code="a">Athletes</subfield>
      <subfield code="x">Social life and customs.</subfield>
    </datafield>
    <datafield tag="650" ind1=" " ind2="0">
      <subfield code="a">Sports</subfield>
      <subfield code="x">Corrupt practices.</subfield>
      <subfield code="0">http://id.loc.gov/authorities/subjects/sh85126891</subfield>
    </datafield>
    <datafield tag="650" ind1=" " ind2="0">
      <subfield code="a">Athletes</subfield>
      <subfield code="x">Attitudes.</subfield>
    </datafield>
    <datafield tag="852" ind1="0" ind2=" ">
      <subfield code="b">firestone</subfield>
      <subfield code="c">stacks</subfield>
      <subfield code="h">GV718</subfield>
      <subfield code="i">.B674 1999</subfield>
      <subfield code="8">22669835100006421</subfield>
    </datafield>
  </record>