
  <record>
    <leader>00760dam a2200229 a 4500</leader>
    <controlfield tag="005">20200826154741.0</controlfield>
    <controlfield tag="008">020603s2002    onc           000 1 eng d</controlfield>
    <controlfield tag="001">9936794593506421</controlfield>
    <datafield tag="020" ind1=" " ind2=" ">
      <subfield code="a">1552634523</subfield>
    </datafield>
    <datafield tag="035" ind1=" " ind2=" ">
      <subfield code="a">(OCoLC)ocm48670440</subfield>
    </datafield>
    <datafield tag="035" ind1=" " ind2=" ">
      <subfield code="a">3679459</subfield>
    </datafield>
    <datafield tag="035" ind1=" " ind2=" ">
      <subfield code="a">(NjP)3679459-princetondb</subfield>
    </datafield>
    <datafield tag="040" ind1=" " ind2=" ">
      <subfield code="a">NLC</subfield>
      <subfield code="b">eng</subfield>
      <subfield code="c">NLC</subfield>
      <subfield code="d">NjP</subfield>
    </datafield>
    <datafield tag="050" ind1=" " ind2="4">
      <subfield code="a">PR9199.4.F623</subfield>
      <subfield code="b">M34 2002</subfield>
    </datafield>
    <datafield tag="055" ind1="0" ind2="0">
      <subfield code="a">PS8561 L64</subfield>
      <subfield code="b">M33 2002</subfield>
    </datafield>
    <datafield tag="100" ind1="1" ind2=" ">
      <subfield code="a">Flood, Cynthia,</subfield>
      <subfield code="d">1940-</subfield>
      <subfield code="0">http://id.loc.gov/authorities/names/n90648352</subfield>
    </datafield>
    <datafield tag="245" ind1="1" ind2="0">
      <subfield code="a">Making a stone of the heart :</subfield>
      <subfield code="b">a novel /</subfield>
      <subfield code="c">Cynthia Flood.</subfield>
    </datafield>
    <datafield tag="260" ind1=" " ind2=" ">
      <subfield code="a">Toronto :</subfield>
      <subfield code="b">Key Porter,</subfield>
      <subfield code="c">c2002.</subfield>
    </datafield>
    <datafield tag="300" ind1=" " ind2=" ">
      <subfield code="a">342 p. ;</subfield>
      <subfield code="c">21 cm.</subfield>
    </datafield>
    <datafield tag="655" ind1=" " ind2="7">
      <subfield code="a">Fiction.</subfield>
      <subfield code="2">lcgft</subfield>
      <subfield code="0">http://id.loc.gov/authorities/genreForms/gf2014026339</subfield>
    </datafield>
    <datafield tag="852" ind1="0" ind2=" ">
      <subfield code="b">firestone</subfield>
      <subfield code="c">stacks</subfield>
      <subfield code="h">PR9199.4.F623</subfield>
      <subfield code="i">M34 2002</subfield>
      <subfield code="8">22556164770006421</subfield>
    </datafield>
  </record>