
  <record>
    <leader>01093dam a22003014a 4500</leader>
    <controlfield tag="005">20200827120930.0</controlfield>
    <controlfield tag="008">030324s2003    gr ab    b    000 0 gre  </controlfield>
    <controlfield tag="001">9938643273506421</controlfield>
    <datafield tag="010" ind1=" " ind2=" ">
      <subfield code="a">  2003372310</subfield>
    </datafield>
    <datafield tag="020" ind1=" " ind2=" ">
      <subfield code="a">960832601X</subfield>
    </datafield>
    <datafield tag="035" ind1=" " ind2=" ">
      <subfield code="a">3864327</subfield>
    </datafield>
    <datafield tag="035" ind1=" " ind2=" ">
      <subfield code="a">(OCoLC)ocm53477430</subfield>
    </datafield>
    <datafield tag="035" ind1=" " ind2=" ">
      <subfield code="a">(NjP)3864327-princetondb</subfield>
    </datafield>
    <datafield tag="040" ind1=" " ind2=" ">
      <subfield code="a">DLC</subfield>
      <subfield code="c">DLC</subfield>
    </datafield>
    <datafield tag="041" ind1="0" ind2=" ">
      <subfield code="a">gre</subfield>
      <subfield code="a">eng</subfield>
    </datafield>
    <datafield tag="042" ind1=" " ind2=" ">
      <subfield code="a">pcc</subfield>
    </datafield>
    <datafield tag="050" ind1="0" ind2="0">
      <subfield code="a">GV722 1896</subfield>
      <subfield code="b">.K37 2003</subfield>
    </datafield>
    <datafield tag="100" ind1="1" ind2=" ">
      <subfield code="a">Kardasēs, Vasilēs A.</subfield>
      <subfield code="0">http://id.loc.gov/authorities/names/n88082225</subfield>
    </datafield>
    <datafield tag="245" ind1="1" ind2="4">
      <subfield code="a">Hoi Olympiakoi Agōnes stēn Athēna :</subfield>
      <subfield code="b">1896-1906 /</subfield>
      <subfield code="c">Vasilēs Kardasēs = The Olympic Games in Athens : 1896-1906 / Vassilis Kardasis.</subfield>
    </datafield>
    <datafield tag="246" ind1="3" ind2="1">
      <subfield code="a">Olympic Games in Athens</subfield>
    </datafield>
    <datafield tag="260" ind1=" " ind2=" ">
      <subfield code="a">Alimos :</subfield>
      <subfield code="b">Ekdoseis Ephesos,</subfield>
      <subfield code="c">[2003?]</subfield>
    </datafield>
    <datafield tag="300" ind1=" " ind2=" ">
      <subfield code="a">291 p. :</subfield>
      <subfield code="b">ill. (some col.), map ;</subfield>
      <subfield code="c">29 cm.</subfield>
    </datafield>
    <datafield tag="546" ind1=" " ind2=" ">
      <subfield code="a">Text in Greek and English.</subfield>
    </datafield>
    <datafield tag="504" ind1=" " ind2=" ">
      <subfield code="a">Includes bibliographical references (p. 280-289).</subfield>
    </datafield>
    <datafield tag="611" ind1="2" ind2="0">
      <subfield code="a">Olympic Games</subfield>
      <subfield code="n">(1st :</subfield>
      <subfield code="d">1896 :</subfield>
      <subfield code="c">Athens, Greece)</subfield>
      <subfield code="0">http://id.loc.gov/authorities/names/n86132303</subfield>
    </datafield>
    <datafield tag="852" ind1="0" ind2=" ">
      <subfield code="b">firestone</subfield>
      <subfield code="c">stacks</subfield>
      <subfield code="h">GV722 1896</subfield>
      <subfield code="i">.K37 2003</subfield>
      <subfield code="8">22602832320006421</subfield>
    </datafield>
  </record>