
  <record>
    <leader>00889dam a2200253 a 4500</leader>
    <controlfield tag="005">20200827113806.0</controlfield>
    <controlfield tag="008">030320s2003    enk           000 0 eng d</controlfield>
    <controlfield tag="001">9939224843506421</controlfield>
    <datafield tag="035" ind1=" " ind2=" ">
      <subfield code="a">(OCoLC)ocm52145874</subfield>
    </datafield>
    <datafield tag="035" ind1=" " ind2=" ">
      <subfield code="a">(UkLWHE)b000230814</subfield>
    </datafield>
    <datafield tag="035" ind1=" " ind2=" ">
      <subfield code="a">3922484</subfield>
    </datafield>
    <datafield tag="035" ind1=" " ind2=" ">
      <subfield code="a">(NjP)3922484-princetondb</subfield>
    </datafield>
    <datafield tag="040" ind1=" " ind2=" ">
      <subfield code="a">UKM</subfield>
      <subfield code="c">UKM</subfield>
      <subfield code="d">NjP</subfield>
    </datafield>
    <datafield tag="020" ind1=" " ind2=" ">
      <subfield code="a">1854597450</subfield>
    </datafield>
    <datafield tag="082" ind1="0" ind2="4">
      <subfield code="a">822.914</subfield>
      <subfield code="2">21</subfield>
    </datafield>
    <datafield tag="100" ind1="1" ind2=" ">
      <subfield code="a">Teale, Polly.</subfield>
      <subfield code="0">http://id.loc.gov/authorities/names/n99265084</subfield>
    </datafield>
    <datafield tag="245" ind1="1" ind2="0">
      <subfield code="a">After Mrs Rochester :</subfield>
      <subfield code="b">a play /</subfield>
      <subfield code="c">by Polly Teale ; based on the life of Jean Rhys.</subfield>
    </datafield>
    <datafield tag="260" ind1=" " ind2=" ">
      <subfield code="a">London :</subfield>
      <subfield code="b">Nick Hern,</subfield>
      <subfield code="c">2003.</subfield>
    </datafield>
    <datafield tag="300" ind1=" " ind2=" ">
      <subfield code="a">74 p. ;</subfield>
      <subfield code="c">20 cm.</subfield>
    </datafield>
    <datafield tag="650" ind1=" " ind2="0">
      <subfield code="a">Women novelists, English</subfield>
      <subfield code="y">20th century</subfield>
      <subfield code="v">Drama.</subfield>
    </datafield>
    <datafield tag="655" ind1=" " ind2="7">
      <subfield code="a">Drama.</subfield>
      <subfield code="2">lcgft</subfield>
      <subfield code="0">http://id.loc.gov/authorities/genreForms/gf2014026297</subfield>
    </datafield>
    <datafield tag="700" ind1="1" ind2=" ">
      <subfield code="a">Rhys, Jean.</subfield>
      <subfield code="0">http://id.loc.gov/authorities/names/n80013225</subfield>
    </datafield>
    <datafield tag="852" ind1="0" ind2=" ">
      <subfield code="b">firestone</subfield>
      <subfield code="c">stacks</subfield>
      <subfield code="h">PR6070.E19</subfield>
      <subfield code="i">A68 2003</subfield>
      <subfield code="8">22592406810006421</subfield>
    </datafield>
  </record>