
  <record>
    <leader>00599dam a2200205 a 4500</leader>
    <controlfield tag="005">20200827113809.0</controlfield>
    <controlfield tag="008">030428s2003    enk           000 0 eng d</controlfield>
    <controlfield tag="001">9939225173506421</controlfield>
    <datafield tag="020" ind1=" " ind2=" ">
      <subfield code="a">0571218075 (pbk.)</subfield>
    </datafield>
    <datafield tag="035" ind1=" " ind2=" ">
      <subfield code="a">(OCoLC)52196707</subfield>
    </datafield>
    <datafield tag="035" ind1=" " ind2=" ">
      <subfield code="a">(UkLWHE)b000236765</subfield>
    </datafield>
    <datafield tag="035" ind1=" " ind2=" ">
      <subfield code="a">3922517</subfield>
    </datafield>
    <datafield tag="035" ind1=" " ind2=" ">
      <subfield code="a">(NjP)3922517-princetondb</subfield>
    </datafield>
    <datafield tag="040" ind1=" " ind2=" ">
      <subfield code="a">StDuBDS</subfield>
      <subfield code="c">StDuBDS</subfield>
    </datafield>
    <datafield tag="050" ind1=" " ind2="4">
      <subfield code="a">PR6068</subfield>
    </datafield>
    <datafield tag="082" ind1="0" ind2="4">
      <subfield code="a">821.9'14</subfield>
      <subfield code="2">21</subfield>
    </datafield>
    <datafield tag="100" ind1="1" ind2=" ">
      <subfield code="a">Reid, Christopher,</subfield>
      <subfield code="d">1949-</subfield>
      <subfield code="0">http://id.loc.gov/authorities/names/n78094763</subfield>
    </datafield>
    <datafield tag="245" ind1="1" ind2="0">
      <subfield code="a">For and after /</subfield>
      <subfield code="c">Christopher Reid.</subfield>
    </datafield>
    <datafield tag="260" ind1=" " ind2=" ">
      <subfield code="a">London :</subfield>
      <subfield code="b">Faber and Faber,</subfield>
      <subfield code="c">2003.</subfield>
    </datafield>
    <datafield tag="300" ind1=" " ind2=" ">
      <subfield code="a">74 p. ;</subfield>
      <subfield code="c">20 cm.</subfield>
    </datafield>
    <datafield tag="852" ind1="0" ind2=" ">
      <subfield code="b">firestone</subfield>
      <subfield code="c">stacks</subfield>
      <subfield code="h">PR6068.E426</subfield>
      <subfield code="i">F67 2003</subfield>
      <subfield code="8">22592310620006421</subfield>
    </datafield>
  </record>