
  <record>
    <leader>01292dam a22003134a 4500</leader>
    <controlfield tag="005">20200827124342.0</controlfield>
    <controlfield tag="008">020117s2002    ilua     b    001 0 eng  </controlfield>
    <controlfield tag="001">9939227663506421</controlfield>
    <datafield tag="010" ind1=" " ind2=" ">
      <subfield code="a">  2002017184</subfield>
    </datafield>
    <datafield tag="020" ind1=" " ind2=" ">
      <subfield code="a">0736034005</subfield>
    </datafield>
    <datafield tag="035" ind1=" " ind2=" ">
      <subfield code="a">(OCoLC)48871301</subfield>
    </datafield>
    <datafield tag="035" ind1=" " ind2=" ">
      <subfield code="a">(DLC) 2002017184</subfield>
    </datafield>
    <datafield tag="035" ind1=" " ind2=" ">
      <subfield code="a">3922766</subfield>
    </datafield>
    <datafield tag="035" ind1=" " ind2=" ">
      <subfield code="a">(NjP)3922766-princetondb</subfield>
    </datafield>
    <datafield tag="040" ind1=" " ind2=" ">
      <subfield code="a">DLC</subfield>
      <subfield code="c">DLC</subfield>
      <subfield code="d">DLC</subfield>
    </datafield>
    <datafield tag="042" ind1=" " ind2=" ">
      <subfield code="a">pcc</subfield>
    </datafield>
    <datafield tag="050" ind1="0" ind2="0">
      <subfield code="a">GV706.4</subfield>
      <subfield code="b">.E54 2002</subfield>
    </datafield>
    <datafield tag="082" ind1="0" ind2="0">
      <subfield code="a">796/.01</subfield>
      <subfield code="2">21</subfield>
    </datafield>
    <datafield tag="245" ind1="0" ind2="0">
      <subfield code="a">Enhancing recovery :</subfield>
      <subfield code="b">preventing underperformance in athletes /</subfield>
      <subfield code="c">Michael Kellmann, editor.</subfield>
    </datafield>
    <datafield tag="260" ind1=" " ind2=" ">
      <subfield code="a">Champaign, IL :</subfield>
      <subfield code="b">Human Kinetics,</subfield>
      <subfield code="c">c2002.</subfield>
    </datafield>
    <datafield tag="300" ind1=" " ind2=" ">
      <subfield code="a">xi, 340 p. :</subfield>
      <subfield code="b">ill. ;</subfield>
      <subfield code="c">29 cm.</subfield>
    </datafield>
    <datafield tag="504" ind1=" " ind2=" ">
      <subfield code="a">Includes bibliographical references and index.</subfield>
    </datafield>
    <datafield tag="650" ind1=" " ind2="0">
      <subfield code="a">Sports</subfield>
      <subfield code="x">Psychological aspects.</subfield>
      <subfield code="0">http://id.loc.gov/authorities/subjects/sh85126899</subfield>
    </datafield>
    <datafield tag="650" ind1=" " ind2="0">
      <subfield code="a">Sports</subfield>
      <subfield code="x">Physiological aspects.</subfield>
      <subfield code="0">http://id.loc.gov/authorities/subjects/sh85126898</subfield>
    </datafield>
    <datafield tag="650" ind1=" " ind2="0">
      <subfield code="a">Physical education and training.</subfield>
      <subfield code="0">http://id.loc.gov/authorities/subjects/sh85101517</subfield>
    </datafield>
    <datafield tag="650" ind1=" " ind2="0">
      <subfield code="a">Stress (Physiology)</subfield>
      <subfield code="0">http://id.loc.gov/authorities/subjects/sh85128702</subfield>
    </datafield>
    <datafield tag="650" ind1=" " ind2="0">
      <subfield code="a">Fatigue.</subfield>
      <subfield code="0">http://id.loc.gov/authorities/subjects/sh85047465</subfield>
    </datafield>
    <datafield tag="700" ind1="1" ind2=" ">
      <subfield code="a">Kellmann, Michael,</subfield>
      <subfield code="d">1965-</subfield>
      <subfield code="0">http://id.loc.gov/authorities/names/n2001097731</subfield>
    </datafield>
    <datafield tag="852" ind1="0" ind2=" ">
      <subfield code="b">firestone</subfield>
      <subfield code="c">stacks</subfield>
      <subfield code="h">GV706.4</subfield>
      <subfield code="i">.E54 2002</subfield>
      <subfield code="8">22592309710006421</subfield>
    </datafield>
  </record>