
  <record>
    <leader>01424dam a2200349 a 4500</leader>
    <controlfield tag="005">20200827124403.0</controlfield>
    <controlfield tag="008">030204s2003    nyua          000 0aeng  </controlfield>
    <controlfield tag="001">9939229183506421</controlfield>
    <datafield tag="010" ind1=" " ind2=" ">
      <subfield code="a">  2003042624</subfield>
    </datafield>
    <datafield tag="020" ind1=" " ind2=" ">
      <subfield code="a">1560255285</subfield>
    </datafield>
    <datafield tag="035" ind1=" " ind2=" ">
      <subfield code="a">(OCoLC)51637578</subfield>
    </datafield>
    <datafield tag="035" ind1=" " ind2=" ">
      <subfield code="a">(DLC) 2003042624</subfield>
    </datafield>
    <datafield tag="035" ind1=" " ind2=" ">
      <subfield code="a">3922918</subfield>
    </datafield>
    <datafield tag="035" ind1=" " ind2=" ">
      <subfield code="a">(NjP)3922918-princetondb</subfield>
    </datafield>
    <datafield tag="040" ind1=" " ind2=" ">
      <subfield code="a">DLC</subfield>
      <subfield code="c">DLC</subfield>
      <subfield code="d">OrLoB</subfield>
    </datafield>
    <datafield tag="043" ind1=" " ind2=" ">
      <subfield code="a">n-us-me</subfield>
      <subfield code="a">a-ii---</subfield>
      <subfield code="a">n-us---</subfield>
    </datafield>
    <datafield tag="050" ind1="0" ind2="0">
      <subfield code="a">PR9499.3.M425</subfield>
      <subfield code="b">Z466 2003</subfield>
    </datafield>
    <datafield tag="082" ind1="0" ind2="0">
      <subfield code="a">362.4/1/092</subfield>
      <subfield code="a">B</subfield>
      <subfield code="2">21</subfield>
    </datafield>
    <datafield tag="100" ind1="1" ind2=" ">
      <subfield code="a">Mehta, Ved,</subfield>
      <subfield code="d">1934-2021.</subfield>
      <subfield code="0">http://id.loc.gov/authorities/names/n79066640</subfield>
    </datafield>
    <datafield tag="245" ind1="1" ind2="0">
      <subfield code="a">Dark harbor :</subfield>
      <subfield code="b">building house and home on an enchanted island /</subfield>
      <subfield code="c">Ved Mehta.</subfield>
    </datafield>
    <datafield tag="260" ind1=" " ind2=" ">
      <subfield code="a">New York :</subfield>
      <subfield code="b">Thunder's Mouth Press/Nation Books,</subfield>
      <subfield code="c">2003.</subfield>
    </datafield>
    <datafield tag="300" ind1=" " ind2=" ">
      <subfield code="a">xii, 272 p. :</subfield>
      <subfield code="b">ill. ;</subfield>
      <subfield code="c">22 cm.</subfield>
    </datafield>
    <datafield tag="490" ind1="1" ind2=" ">
      <subfield code="a">Continents of exile</subfield>
    </datafield>
    <datafield tag="600" ind1="1" ind2="0">
      <subfield code="a">Mehta, Ved,</subfield>
      <subfield code="d">1934-2021</subfield>
      <subfield code="x">Homes and haunts</subfield>
      <subfield code="z">Maine</subfield>
      <subfield code="z">Islesboro Island.</subfield>
    </datafield>
    <datafield tag="651" ind1=" " ind2="0">
      <subfield code="a">Islesboro Island (Me.)</subfield>
      <subfield code="x">Social life and customs.</subfield>
    </datafield>
    <datafield tag="650" ind1=" " ind2="0">
      <subfield code="a">Dwellings</subfield>
      <subfield code="z">Maine</subfield>
      <subfield code="x">Design and construction.</subfield>
    </datafield>
    <datafield tag="650" ind1=" " ind2="0">
      <subfield code="a">Authors, Indic</subfield>
      <subfield code="y">20th century</subfield>
      <subfield code="v">Biography.</subfield>
      <subfield code="0">http://id.loc.gov/authorities/subjects/sh2007101587</subfield>
    </datafield>
    <datafield tag="650" ind1=" " ind2="0">
      <subfield code="a">Authors, American</subfield>
      <subfield code="y">20th century</subfield>
      <subfield code="v">Biography.</subfield>
      <subfield code="0">http://id.loc.gov/authorities/subjects/sh2007100576</subfield>
    </datafield>
    <datafield tag="650" ind1=" " ind2="0">
      <subfield code="a">Blind authors</subfield>
      <subfield code="z">United States</subfield>
      <subfield code="v">Biography.</subfield>
    </datafield>
    <datafield tag="650" ind1=" " ind2="0">
      <subfield code="a">East Indian Americans</subfield>
      <subfield code="v">Biography.</subfield>
    </datafield>
    <datafield tag="800" ind1="1" ind2=" ">
      <subfield code="a">Mehta, Ved,</subfield>
      <subfield code="d">1934-</subfield>
      <subfield code="t">Continents of exile.</subfield>
    </datafield>
    <datafield tag="852" ind1="0" ind2=" ">
      <subfield code="b">firestone</subfield>
      <subfield code="c">stacks</subfield>
      <subfield code="h">PR9499.3.M425</subfield>
      <subfield code="i">Z466 2003</subfield>
      <subfield code="8">22592357580006421</subfield>
    </datafield>
  </record>