
  <record>
    <leader>01074dam a2200289 a 4500</leader>
    <controlfield tag="005">20200828130424.0</controlfield>
    <controlfield tag="008">030902s2004    ncua     b    001 0beng  </controlfield>
    <controlfield tag="001">9940854493506421</controlfield>
    <datafield tag="010" ind1=" " ind2=" ">
      <subfield code="a">  2003019128</subfield>
    </datafield>
    <datafield tag="020" ind1=" " ind2=" ">
      <subfield code="a">0786417331 (softcover : alk. paper)</subfield>
    </datafield>
    <datafield tag="035" ind1=" " ind2=" ">
      <subfield code="a">(OCoLC)52979090</subfield>
    </datafield>
    <datafield tag="035" ind1=" " ind2=" ">
      <subfield code="a">(DLC) 2003019128</subfield>
    </datafield>
    <datafield tag="035" ind1=" " ind2=" ">
      <subfield code="a">4085449</subfield>
    </datafield>
    <datafield tag="035" ind1=" " ind2=" ">
      <subfield code="a">(NjP)4085449-princetondb</subfield>
    </datafield>
    <datafield tag="040" ind1=" " ind2=" ">
      <subfield code="a">DLC</subfield>
      <subfield code="c">DLC</subfield>
      <subfield code="d">DLC</subfield>
      <subfield code="d">OrLoB</subfield>
    </datafield>
    <datafield tag="042" ind1=" " ind2=" ">
      <subfield code="a">pcc</subfield>
    </datafield>
    <datafield tag="043" ind1=" " ind2=" ">
      <subfield code="a">n-us---</subfield>
    </datafield>
    <datafield tag="050" ind1="0" ind2="0">
      <subfield code="a">GV865.R65</subfield>
      <subfield code="b">C66 2004</subfield>
    </datafield>
    <datafield tag="082" ind1="0" ind2="0">
      <subfield code="a">796.357/092</subfield>
      <subfield code="a">B</subfield>
      <subfield code="2">22</subfield>
    </datafield>
    <datafield tag="100" ind1="1" ind2=" ">
      <subfield code="a">Cook, William A.,</subfield>
      <subfield code="d">1944-</subfield>
      <subfield code="0">http://id.loc.gov/authorities/names/n2001098666</subfield>
    </datafield>
    <datafield tag="245" ind1="1" ind2="0">
      <subfield code="a">Pete Rose :</subfield>
      <subfield code="b">baseball's all-time hit king /</subfield>
      <subfield code="c">William A. Cook.</subfield>
    </datafield>
    <datafield tag="260" ind1=" " ind2=" ">
      <subfield code="a">Jefferson, N.C. ;</subfield>
      <subfield code="a">London :</subfield>
      <subfield code="b">McFarland &amp; Co.,</subfield>
      <subfield code="c">c2004.</subfield>
    </datafield>
    <datafield tag="300" ind1=" " ind2=" ">
      <subfield code="a">v, 234 p. :</subfield>
      <subfield code="b">ill. ;</subfield>
      <subfield code="c">23 cm.</subfield>
    </datafield>
    <datafield tag="504" ind1=" " ind2=" ">
      <subfield code="a">Includes bibliographical references and index.</subfield>
    </datafield>
    <datafield tag="600" ind1="1" ind2="0">
      <subfield code="a">Rose, Pete,</subfield>
      <subfield code="d">1941-</subfield>
      <subfield code="0">http://id.loc.gov/authorities/names/n82155000</subfield>
    </datafield>
    <datafield tag="650" ind1=" " ind2="0">
      <subfield code="a">Baseball players</subfield>
      <subfield code="z">United States</subfield>
      <subfield code="v">Biography.</subfield>
      <subfield code="0">http://id.loc.gov/authorities/subjects/sh2007101902</subfield>
    </datafield>
    <datafield tag="852" ind1="0" ind2=" ">
      <subfield code="b">firestone</subfield>
      <subfield code="c">stacks</subfield>
      <subfield code="h">GV865.R65</subfield>
      <subfield code="i">C66 2004</subfield>
      <subfield code="8">22683480520006421</subfield>
    </datafield>
  </record>