
  <record>
    <leader>00818dam a2200241 a 4500</leader>
    <controlfield tag="005">20200828131403.0</controlfield>
    <controlfield tag="008">030523s2003    qucb          000 f eng  </controlfield>
    <controlfield tag="001">9940935283506421</controlfield>
    <datafield tag="035" ind1=" " ind2=" ">
      <subfield code="a">(OCoLC)ocm52375225</subfield>
    </datafield>
    <datafield tag="035" ind1=" " ind2=" ">
      <subfield code="a">4093528</subfield>
    </datafield>
    <datafield tag="035" ind1=" " ind2=" ">
      <subfield code="a">(NjP)4093528-princetondb</subfield>
    </datafield>
    <datafield tag="040" ind1=" " ind2=" ">
      <subfield code="a">NLC</subfield>
      <subfield code="b">eng</subfield>
      <subfield code="c">NLC</subfield>
      <subfield code="d">NjP</subfield>
    </datafield>
    <datafield tag="020" ind1=" " ind2=" ">
      <subfield code="a">1550651765</subfield>
    </datafield>
    <datafield tag="050" ind1="0" ind2="0">
      <subfield code="a">PR9199.4.K37</subfield>
      <subfield code="b">H68 2003</subfield>
    </datafield>
    <datafield tag="055" ind1=" " ind2="0">
      <subfield code="a">PS8571 A843</subfield>
      <subfield code="b">H69 2003</subfield>
    </datafield>
    <datafield tag="082" ind1="0" ind2=" ">
      <subfield code="a">C813/.54</subfield>
      <subfield code="2">21</subfield>
    </datafield>
    <datafield tag="100" ind1="1" ind2=" ">
      <subfield code="a">Ahmed, Sikeena Karmali.</subfield>
      <subfield code="0">http://id.loc.gov/authorities/names/no2004007501</subfield>
    </datafield>
    <datafield tag="245" ind1="1" ind2="2">
      <subfield code="a">A house by the sea /</subfield>
      <subfield code="c">Sikeena Karmali.</subfield>
    </datafield>
    <datafield tag="260" ind1=" " ind2=" ">
      <subfield code="a">Montreal :</subfield>
      <subfield code="b">Esplanade Books,</subfield>
      <subfield code="c">c2003.</subfield>
    </datafield>
    <datafield tag="300" ind1=" " ind2=" ">
      <subfield code="a">232 p. :</subfield>
      <subfield code="b">maps ;</subfield>
      <subfield code="c">22 cm.</subfield>
    </datafield>
    <datafield tag="440" ind1=" " ind2="4">
      <subfield code="a">The fiction series at Véhicule Press</subfield>
    </datafield>
    <datafield tag="655" ind1=" " ind2="7">
      <subfield code="a">Novels.</subfield>
      <subfield code="2">lcgft</subfield>
      <subfield code="0">http://id.loc.gov/authorities/genreForms/gf2015026020</subfield>
    </datafield>
    <datafield tag="852" ind1="0" ind2=" ">
      <subfield code="b">firestone</subfield>
      <subfield code="c">stacks</subfield>
      <subfield code="h">PR9199.4.K37</subfield>
      <subfield code="i">H68 2003</subfield>
      <subfield code="8">22718942500006421</subfield>
    </datafield>
  </record>