
  <record>
    <leader>01163dam a2200313 a 4500</leader>
    <controlfield tag="005">20200828162602.0</controlfield>
    <controlfield tag="008">031003m20039999sz a     b    000 0 eng d</controlfield>
    <controlfield tag="001">9940965713506421</controlfield>
    <datafield tag="020" ind1=" " ind2=" ">
      <subfield code="a">9241545801 (v. 1)</subfield>
    </datafield>
    <datafield tag="035" ind1=" " ind2=" ">
      <subfield code="a">(OCoLC)53917188</subfield>
    </datafield>
    <datafield tag="035" ind1=" " ind2=" ">
      <subfield code="a">(FU-HC)APM6103HCB</subfield>
    </datafield>
    <datafield tag="035" ind1=" " ind2=" ">
      <subfield code="a">(CStRLIN)FLUMAPM6103-B</subfield>
    </datafield>
    <datafield tag="035" ind1=" " ind2=" ">
      <subfield code="a">(UPB)a3164880</subfield>
    </datafield>
    <datafield tag="035" ind1=" " ind2=" ">
      <subfield code="a">(CStRLIN)UTBGA3164880-B</subfield>
    </datafield>
    <datafield tag="035" ind1=" " ind2=" ">
      <subfield code="a">4096571</subfield>
    </datafield>
    <datafield tag="035" ind1=" " ind2=" ">
      <subfield code="a">(NjP)4096571-princetondb</subfield>
    </datafield>
    <datafield tag="040" ind1=" " ind2=" ">
      <subfield code="a">IXA</subfield>
      <subfield code="c">IXA</subfield>
      <subfield code="d">CUX</subfield>
      <subfield code="d">FUH</subfield>
      <subfield code="d">NjP</subfield>
    </datafield>
    <datafield tag="245" ind1="0" ind2="0">
      <subfield code="a">Guidelines for safe recreational water environments.</subfield>
    </datafield>
    <datafield tag="260" ind1=" " ind2=" ">
      <subfield code="a">Geneva :</subfield>
      <subfield code="b">World Health Organization,</subfield>
      <subfield code="c">2003-</subfield>
    </datafield>
    <datafield tag="300" ind1=" " ind2=" ">
      <subfield code="a">v. :</subfield>
      <subfield code="b">ill. ;</subfield>
      <subfield code="c">25 cm.</subfield>
    </datafield>
    <datafield tag="504" ind1=" " ind2=" ">
      <subfield code="a">Includes bibliographical references.</subfield>
    </datafield>
    <datafield tag="505" ind1="1" ind2=" ">
      <subfield code="a">v. 1. Coastal and fresh waters -- v. 2. Swimming pools and similar environments.</subfield>
    </datafield>
    <datafield tag="650" ind1=" " ind2="0">
      <subfield code="a">Water</subfield>
      <subfield code="x">Recreational use</subfield>
      <subfield code="x">Health aspects.</subfield>
    </datafield>
    <datafield tag="650" ind1=" " ind2="0">
      <subfield code="a">Water quality.</subfield>
      <subfield code="0">http://id.loc.gov/authorities/subjects/sh85145600</subfield>
    </datafield>
    <datafield tag="650" ind1=" " ind2="0">
      <subfield code="a">Environmental health.</subfield>
      <subfield code="0">http://id.loc.gov/authorities/subjects/sh85044173</subfield>
    </datafield>
    <datafield tag="710" ind1="2" ind2=" ">
      <subfield code="a">World Health Organization.</subfield>
      <subfield code="0">http://id.loc.gov/authorities/names/n79059041</subfield>
    </datafield>
    <datafield tag="852" ind1="0" ind2=" ">
      <subfield code="b">firestone</subfield>
      <subfield code="c">stacks</subfield>
      <subfield code="h">GV770.6</subfield>
      <subfield code="i">.G85 2003</subfield>
      <subfield code="8">22587731480006421</subfield>
    </datafield>
    <datafield tag="866" ind1=" " ind2="0">
      <subfield code="a">Vol. 1-v. 2</subfield>
      <subfield code="8">22587731480006421</subfield>
    </datafield>
  </record>