
  <record>
    <leader>01120dam a2200301Ia 4500</leader>
    <controlfield tag="005">20200828145926.0</controlfield>
    <controlfield tag="008">021220s2003    at ac   rb    001 0 eng d</controlfield>
    <controlfield tag="001">9941457193506421</controlfield>
    <datafield tag="035" ind1=" " ind2=" ">
      <subfield code="a">(OCoLC)ocm53110666</subfield>
    </datafield>
    <datafield tag="035" ind1=" " ind2=" ">
      <subfield code="a">4145719</subfield>
    </datafield>
    <datafield tag="035" ind1=" " ind2=" ">
      <subfield code="a">(NjP)4145719-princetondb</subfield>
    </datafield>
    <datafield tag="040" ind1=" " ind2=" ">
      <subfield code="a">YQU</subfield>
      <subfield code="c">YQU</subfield>
      <subfield code="d">IUL</subfield>
      <subfield code="d">OCLCQ</subfield>
      <subfield code="d">NjP</subfield>
    </datafield>
    <datafield tag="020" ind1=" " ind2=" ">
      <subfield code="a">0868405825 (pbk.)</subfield>
    </datafield>
    <datafield tag="043" ind1=" " ind2=" ">
      <subfield code="a">u-at---</subfield>
    </datafield>
    <datafield tag="050" ind1=" " ind2="4">
      <subfield code="a">GV713</subfield>
      <subfield code="b">.B56 2003</subfield>
    </datafield>
    <datafield tag="082" ind1=" " ind2="4">
      <subfield code="a">796.069/0994</subfield>
    </datafield>
    <datafield tag="100" ind1="1" ind2=" ">
      <subfield code="a">Bloomfield, J.</subfield>
      <subfield code="q">(John),</subfield>
      <subfield code="d">1932-</subfield>
      <subfield code="0">http://id.loc.gov/authorities/names/n85222354</subfield>
    </datafield>
    <datafield tag="245" ind1="1" ind2="0">
      <subfield code="a">Australia's sporting success :</subfield>
      <subfield code="b">the inside story /</subfield>
      <subfield code="c">John Bloomfield.</subfield>
    </datafield>
    <datafield tag="260" ind1=" " ind2=" ">
      <subfield code="a">Sydney :</subfield>
      <subfield code="b">UNSW Press,</subfield>
      <subfield code="c">2003.</subfield>
    </datafield>
    <datafield tag="300" ind1=" " ind2=" ">
      <subfield code="a">xvi, 263 p. :</subfield>
      <subfield code="b">ill. ports. ;</subfield>
      <subfield code="c">24 cm.</subfield>
    </datafield>
    <datafield tag="504" ind1=" " ind2=" ">
      <subfield code="a">Includes bibliographical references (p. 222-241) and index.</subfield>
    </datafield>
    <datafield tag="650" ind1=" " ind2="0">
      <subfield code="a">Sports administration</subfield>
      <subfield code="z">Australia</subfield>
      <subfield code="x">History.</subfield>
    </datafield>
    <datafield tag="650" ind1=" " ind2="0">
      <subfield code="a">Sports</subfield>
      <subfield code="x">Government policy</subfield>
      <subfield code="z">Australia</subfield>
      <subfield code="x">History.</subfield>
    </datafield>
    <datafield tag="650" ind1=" " ind2="0">
      <subfield code="a">Sports and state</subfield>
      <subfield code="z">Australia</subfield>
      <subfield code="x">History.</subfield>
    </datafield>
    <datafield tag="650" ind1=" " ind2="0">
      <subfield code="a">Sports</subfield>
      <subfield code="z">Australia</subfield>
      <subfield code="x">History.</subfield>
    </datafield>
    <datafield tag="655" ind1=" " ind2="7">
      <subfield code="a">Facsimiles.</subfield>
      <subfield code="2">lcgft</subfield>
      <subfield code="0">http://id.loc.gov/authorities/genreForms/gf2014026099</subfield>
    </datafield>
    <datafield tag="852" ind1="0" ind2=" ">
      <subfield code="b">firestone</subfield>
      <subfield code="c">stacks</subfield>
      <subfield code="h">GV713</subfield>
      <subfield code="i">.B56 2003</subfield>
      <subfield code="8">22724928320006421</subfield>
    </datafield>
  </record>