
  <record>
    <leader>02484dam a22003614a 4500</leader>
    <controlfield tag="005">20200828160341.0</controlfield>
    <controlfield tag="008">040305s2004    dk       b    100 0 eng c</controlfield>
    <controlfield tag="001">9941671803506421</controlfield>
    <datafield tag="020" ind1=" " ind2=" ">
      <subfield code="a">8779340849 (hd. bd.)</subfield>
    </datafield>
    <datafield tag="035" ind1=" " ind2=" ">
      <subfield code="a">(OCoLC)ocm54610939</subfield>
    </datafield>
    <datafield tag="035" ind1=" " ind2=" ">
      <subfield code="a">(PU)3531594</subfield>
    </datafield>
    <datafield tag="035" ind1=" " ind2=" ">
      <subfield code="a">(CStRLIN)PAUGV3531594-B</subfield>
    </datafield>
    <datafield tag="035" ind1=" " ind2=" ">
      <subfield code="a">4167180</subfield>
    </datafield>
    <datafield tag="035" ind1=" " ind2=" ">
      <subfield code="a">(NjP)4167180-princetondb</subfield>
    </datafield>
    <datafield tag="040" ind1=" " ind2=" ">
      <subfield code="a">OHX</subfield>
      <subfield code="c">OHX</subfield>
      <subfield code="d">GZM</subfield>
      <subfield code="d">OCLCQ</subfield>
      <subfield code="d">AZS</subfield>
      <subfield code="d">VRC</subfield>
    </datafield>
    <datafield tag="042" ind1=" " ind2=" ">
      <subfield code="a">pcc</subfield>
    </datafield>
    <datafield tag="050" ind1=" " ind2="4">
      <subfield code="a">GV697.A1</subfield>
      <subfield code="b">W75 2004</subfield>
    </datafield>
    <datafield tag="245" ind1="0" ind2="0">
      <subfield code="a">Writing lives in sport :</subfield>
      <subfield code="b">biographies, life-histories and methods /</subfield>
      <subfield code="c">edited by John Bale, Mette Krogh Christensen and Gertrud Pfister.</subfield>
    </datafield>
    <datafield tag="260" ind1=" " ind2=" ">
      <subfield code="a">Århus ;</subfield>
      <subfield code="a">Oakville, CT, USA :</subfield>
      <subfield code="b">Aarhus University Press,</subfield>
      <subfield code="c">c2004.</subfield>
    </datafield>
    <datafield tag="300" ind1=" " ind2=" ">
      <subfield code="a">191 p. ;</subfield>
      <subfield code="c">25 cm.</subfield>
    </datafield>
    <datafield tag="490" ind1="1" ind2=" ">
      <subfield code="a">Acta Jutlandica ;</subfield>
      <subfield code="v">78:3,</subfield>
      <subfield code="a">Humanities series ;</subfield>
      <subfield code="v">77</subfield>
    </datafield>
    <datafield tag="500" ind1=" " ind2=" ">
      <subfield code="a">Papers from a "seminar on the subject of sports biographies ... held at the Center for Idræt, University of Aarhus, in December 2001"--Forward.</subfield>
    </datafield>
    <datafield tag="504" ind1=" " ind2=" ">
      <subfield code="a">Includes bibliographical references.</subfield>
    </datafield>
    <datafield tag="505" ind1="0" ind2=" ">
      <subfield code="a">Introduction / J. Bale, M.K. Christensen and G. Pfister -- The historical biography: genre, history and methodology / B. Possing -- The mysterious Professor Jokl / J. Bale -- Gymnastics and politics: Niels Bukh and the biographical genre / H. Bonde -- The anonymous biography? / M.K. Christensen -- Re-telling physical education teachers' life stories / F. Dowling -- Body - experience - text / M. Silvennoinen -- Biographical narratives about acculturation, education and training / E. Trangbæk -- Unfortunately she was the winner / L. Laine -- We love them and we hate them: on the emotional involvement and other challenges during biographical research / G. Pfister -- The legend of Jackie Milburn and the Life of Godfrey Brown / R. Holt -- "Brylcreem Boy": inter-textual signification in the life of Denis Compton / J. Hill -- "Nacka" Skoglund: a Swedish soccer player as a welfare-nationalistic myth / N.K. Nielsen.</subfield>
    </datafield>
    <datafield tag="650" ind1=" " ind2="0">
      <subfield code="a">Sports</subfield>
      <subfield code="v">Biography.</subfield>
      <subfield code="0">http://id.loc.gov/authorities/subjects/sh89001002</subfield>
    </datafield>
    <datafield tag="650" ind1=" " ind2="0">
      <subfield code="a">Sports</subfield>
      <subfield code="v">Biography</subfield>
      <subfield code="x">History and criticism.</subfield>
    </datafield>
    <datafield tag="700" ind1="1" ind2=" ">
      <subfield code="a">Bale, John.</subfield>
      <subfield code="0">http://id.loc.gov/authorities/names/n88037959</subfield>
    </datafield>
    <datafield tag="700" ind1="1" ind2=" ">
      <subfield code="a">Christensen, Mette Krogh.</subfield>
      <subfield code="0">http://id.loc.gov/authorities/names/no2004062922</subfield>
    </datafield>
    <datafield tag="700" ind1="1" ind2=" ">
      <subfield code="a">Pfister, Gertrud,</subfield>
      <subfield code="d">1945-</subfield>
      <subfield code="0">http://id.loc.gov/authorities/names/n84091372</subfield>
    </datafield>
    <datafield tag="830" ind1=" " ind2="0">
      <subfield code="a">Acta Jutlandica ;</subfield>
      <subfield code="v">78:3.</subfield>
    </datafield>
    <datafield tag="830" ind1=" " ind2="0">
      <subfield code="a">Acta Jutlandica.</subfield>
      <subfield code="p">Humanities series ;</subfield>
      <subfield code="v">77.</subfield>
    </datafield>
    <datafield tag="852" ind1="0" ind2=" ">
      <subfield code="b">firestone</subfield>
      <subfield code="c">stacks</subfield>
      <subfield code="h">GV697.A1</subfield>
      <subfield code="i">W75 2004</subfield>
      <subfield code="8">22589853660006421</subfield>
    </datafield>
  </record>