
  <record>
    <leader>01000dam a2200289 a 4500</leader>
    <controlfield tag="005">20200828160633.0</controlfield>
    <controlfield tag="008">031028s2004    pica     b    001 0 eng  </controlfield>
    <controlfield tag="001">9941693293506421</controlfield>
    <datafield tag="020" ind1=" " ind2=" ">
      <subfield code="a">1894838084</subfield>
    </datafield>
    <datafield tag="035" ind1=" " ind2=" ">
      <subfield code="a">(OCoLC)ocm53396480</subfield>
    </datafield>
    <datafield tag="035" ind1=" " ind2=" ">
      <subfield code="a">4169329</subfield>
    </datafield>
    <datafield tag="035" ind1=" " ind2=" ">
      <subfield code="a">(NjP)4169329-princetondb</subfield>
    </datafield>
    <datafield tag="040" ind1=" " ind2=" ">
      <subfield code="a">NLC</subfield>
      <subfield code="b">eng</subfield>
      <subfield code="c">NLC</subfield>
      <subfield code="d">C#P</subfield>
      <subfield code="d">BAKER</subfield>
      <subfield code="d">VRC</subfield>
    </datafield>
    <datafield tag="043" ind1=" " ind2=" ">
      <subfield code="a">n-cn-pi</subfield>
    </datafield>
    <datafield tag="045" ind1=" " ind2=" ">
      <subfield code="a">w5x5</subfield>
    </datafield>
    <datafield tag="050" ind1=" " ind2="4">
      <subfield code="a">GV585.3.P75</subfield>
      <subfield code="b">B34 2004</subfield>
    </datafield>
    <datafield tag="100" ind1="1" ind2=" ">
      <subfield code="a">Ballem, H. Charles.</subfield>
    </datafield>
    <datafield tag="245" ind1="1" ind2="0">
      <subfield code="a">More than just a game :</subfield>
      <subfield code="b">one hundred years of organized sport in Prince Edward Island, 1850-1950 /</subfield>
      <subfield code="c">Charlie Ballem.</subfield>
    </datafield>
    <datafield tag="260" ind1=" " ind2=" ">
      <subfield code="a">Charlottetown, P.E.I. :</subfield>
      <subfield code="b">Acorn Press,</subfield>
      <subfield code="c">2004.</subfield>
    </datafield>
    <datafield tag="300" ind1=" " ind2=" ">
      <subfield code="a">290 p. :</subfield>
      <subfield code="b">ill. ;</subfield>
      <subfield code="c">23 cm.</subfield>
    </datafield>
    <datafield tag="500" ind1=" " ind2=" ">
      <subfield code="a">Co-published by: Sport PEI.</subfield>
    </datafield>
    <datafield tag="504" ind1=" " ind2=" ">
      <subfield code="a">Includes bibliographical rererences and index.</subfield>
    </datafield>
    <datafield tag="650" ind1=" " ind2="0">
      <subfield code="a">Sports</subfield>
      <subfield code="z">Prince Edward Island</subfield>
      <subfield code="x">History</subfield>
      <subfield code="y">19th century.</subfield>
    </datafield>
    <datafield tag="650" ind1=" " ind2="0">
      <subfield code="a">Sports</subfield>
      <subfield code="z">Prince Edward Island</subfield>
      <subfield code="x">History</subfield>
      <subfield code="y">20th century.</subfield>
    </datafield>
    <datafield tag="710" ind1="2" ind2=" ">
      <subfield code="a">Sport P.E.I. Inc.</subfield>
    </datafield>
    <datafield tag="852" ind1="0" ind2=" ">
      <subfield code="b">firestone</subfield>
      <subfield code="c">stacks</subfield>
      <subfield code="h">GV585.3.P75</subfield>
      <subfield code="i">B34 2004</subfield>
      <subfield code="8">22687578620006421</subfield>
    </datafield>
  </record>