
  <record>
    <leader>00877dam a2200265Ia 4500</leader>
    <controlfield tag="005">20200828153600.0</controlfield>
    <controlfield tag="008">040316s2003    sa a     d    000 0 eng  </controlfield>
    <controlfield tag="001">9942035493506421</controlfield>
    <datafield tag="010" ind1=" " ind2=" ">
      <subfield code="a">  2004377300</subfield>
    </datafield>
    <datafield tag="035" ind1=" " ind2=" ">
      <subfield code="a">(OCoLC)ocm54701436</subfield>
    </datafield>
    <datafield tag="035" ind1=" " ind2=" ">
      <subfield code="a">4203549</subfield>
    </datafield>
    <datafield tag="035" ind1=" " ind2=" ">
      <subfield code="a">(NjP)4203549-princetondb</subfield>
    </datafield>
    <datafield tag="040" ind1=" " ind2=" ">
      <subfield code="a">OI@</subfield>
      <subfield code="c">OI@</subfield>
      <subfield code="d">OCLCQ</subfield>
      <subfield code="d">GZM</subfield>
      <subfield code="d">DLC</subfield>
    </datafield>
    <datafield tag="020" ind1=" " ind2=" ">
      <subfield code="a">086486535X (pbk.)</subfield>
    </datafield>
    <datafield tag="043" ind1=" " ind2=" ">
      <subfield code="a">f-sa---</subfield>
    </datafield>
    <datafield tag="082" ind1="0" ind2="0">
      <subfield code="a">796/.03</subfield>
      <subfield code="2">22</subfield>
    </datafield>
    <datafield tag="090" ind1=" " ind2=" ">
      <subfield code="a">GV667</subfield>
      <subfield code="b">.A45 2003</subfield>
    </datafield>
    <datafield tag="100" ind1="1" ind2=" ">
      <subfield code="a">Alswang, J.</subfield>
      <subfield code="0">http://id.loc.gov/authorities/names/n85033535</subfield>
    </datafield>
    <datafield tag="245" ind1="1" ind2="4">
      <subfield code="a">The South African dictionary of sport /</subfield>
      <subfield code="c">Joel Alswang.</subfield>
    </datafield>
    <datafield tag="260" ind1=" " ind2=" ">
      <subfield code="a">Claremont [South Africa] :</subfield>
      <subfield code="b">Spearhead,</subfield>
      <subfield code="c">2003.</subfield>
    </datafield>
    <datafield tag="300" ind1=" " ind2=" ">
      <subfield code="a">322 p. :</subfield>
      <subfield code="b">ill. ;</subfield>
      <subfield code="c">25 cm.</subfield>
    </datafield>
    <datafield tag="650" ind1=" " ind2="0">
      <subfield code="a">Sports</subfield>
      <subfield code="z">South Africa</subfield>
      <subfield code="v">Dictionaries.</subfield>
    </datafield>
    <datafield tag="655" ind1=" " ind2="7">
      <subfield code="a">Dictionaries.</subfield>
      <subfield code="2">lcgft</subfield>
      <subfield code="0">http://id.loc.gov/authorities/genreForms/gf2014026086</subfield>
    </datafield>
    <datafield tag="852" ind1="0" ind2=" ">
      <subfield code="b">firestone</subfield>
      <subfield code="c">stacks</subfield>
      <subfield code="h">GV667</subfield>
      <subfield code="i">.A45 2003</subfield>
      <subfield code="8">22560841130006421</subfield>
    </datafield>
  </record>