
  <record>
    <leader>00863dam a2200265 a 4500</leader>
    <controlfield tag="005">20200828170637.0</controlfield>
    <controlfield tag="008">040809s2003    ru            000 f rusoc</controlfield>
    <controlfield tag="001">9942122023506421</controlfield>
    <datafield tag="020" ind1=" " ind2=" ">
      <subfield code="a">5170192231 (AST)</subfield>
    </datafield>
    <datafield tag="020" ind1=" " ind2=" ">
      <subfield code="a">5739012414 (Olimp)</subfield>
    </datafield>
    <datafield tag="035" ind1=" " ind2=" ">
      <subfield code="a">(OCoLC)ocm57210283</subfield>
    </datafield>
    <datafield tag="035" ind1=" " ind2=" ">
      <subfield code="a">4212202</subfield>
    </datafield>
    <datafield tag="035" ind1=" " ind2=" ">
      <subfield code="a">(NjP)4212202-princetondb</subfield>
    </datafield>
    <datafield tag="037" ind1=" " ind2=" ">
      <subfield code="a">ATA 2003 773</subfield>
    </datafield>
    <datafield tag="040" ind1=" " ind2=" ">
      <subfield code="a">CGU</subfield>
      <subfield code="c">CGU</subfield>
      <subfield code="d">OCLCQ</subfield>
      <subfield code="d">NjP</subfield>
    </datafield>
    <datafield tag="042" ind1=" " ind2=" ">
      <subfield code="a">pcc</subfield>
    </datafield>
    <datafield tag="050" ind1=" " ind2="4">
      <subfield code="a">PG3492.58.U68</subfield>
      <subfield code="b">S528 2003</subfield>
    </datafield>
    <datafield tag="100" ind1="1" ind2=" ">
      <subfield code="a">Kuprii︠a︡nov, Sergeĭ.</subfield>
      <subfield code="0">http://id.loc.gov/authorities/names/no2001018196</subfield>
    </datafield>
    <datafield tag="245" ind1="1" ind2="0">
      <subfield code="a">Slavik.ru :</subfield>
      <subfield code="b">roman /</subfield>
      <subfield code="c">Sergeĭ Kuprii︠a︡nov.</subfield>
    </datafield>
    <datafield tag="260" ind1=" " ind2=" ">
      <subfield code="a">Moskva :</subfield>
      <subfield code="b">AST :</subfield>
      <subfield code="b">Olimp,</subfield>
      <subfield code="c">2003.</subfield>
    </datafield>
    <datafield tag="300" ind1=" " ind2=" ">
      <subfield code="a">380 p. ;</subfield>
      <subfield code="c">21 cm.</subfield>
    </datafield>
    <datafield tag="440" ind1=" " ind2="0">
      <subfield code="a">Rossii︠a︡--Tak my zhivem</subfield>
    </datafield>
    <datafield tag="655" ind1=" " ind2="7">
      <subfield code="a">Novels.</subfield>
      <subfield code="2">lcgft</subfield>
      <subfield code="0">http://id.loc.gov/authorities/genreForms/gf2015026020</subfield>
    </datafield>
    <datafield tag="852" ind1="0" ind2=" ">
      <subfield code="b">firestone</subfield>
      <subfield code="c">stacks</subfield>
      <subfield code="h">PG3492.58.U68</subfield>
      <subfield code="i">S528 2003</subfield>
      <subfield code="8">22527208960006421</subfield>
    </datafield>
  </record>