
  <record>
    <leader>01283dam a2200313 a 4500</leader>
    <controlfield tag="005">20200828171208.0</controlfield>
    <controlfield tag="008">040726s2004    nyub          000 1 eng d</controlfield>
    <controlfield tag="001">9942160373506421</controlfield>
    <datafield tag="020" ind1=" " ind2=" ">
      <subfield code="a">0786713496</subfield>
    </datafield>
    <datafield tag="035" ind1=" " ind2=" ">
      <subfield code="a">(OCoLC)ocm56018657</subfield>
    </datafield>
    <datafield tag="035" ind1=" " ind2=" ">
      <subfield code="a">4216037</subfield>
    </datafield>
    <datafield tag="035" ind1=" " ind2=" ">
      <subfield code="a">(NjP)4216037-princetondb</subfield>
    </datafield>
    <datafield tag="040" ind1=" " ind2=" ">
      <subfield code="a">APL</subfield>
      <subfield code="c">APL</subfield>
      <subfield code="d">OCLCQ</subfield>
      <subfield code="d">IHI</subfield>
      <subfield code="d">NjP</subfield>
    </datafield>
    <datafield tag="043" ind1=" " ind2=" ">
      <subfield code="a">e-uk-st</subfield>
    </datafield>
    <datafield tag="050" ind1=" " ind2="4">
      <subfield code="a">PR6113.C485</subfield>
      <subfield code="b">H37 2004</subfield>
    </datafield>
    <datafield tag="100" ind1="1" ind2=" ">
      <subfield code="a">McIntosh, Pat.</subfield>
      <subfield code="0">http://id.loc.gov/authorities/names/no2004091462</subfield>
    </datafield>
    <datafield tag="245" ind1="1" ind2="4">
      <subfield code="a">The harper's quine /</subfield>
      <subfield code="c">Pat McIntosh.</subfield>
    </datafield>
    <datafield tag="250" ind1=" " ind2=" ">
      <subfield code="a">1st Carroll &amp; Graf ed.</subfield>
    </datafield>
    <datafield tag="260" ind1=" " ind2=" ">
      <subfield code="a">New York :</subfield>
      <subfield code="b">Carroll &amp; Graf,</subfield>
      <subfield code="c">2004.</subfield>
    </datafield>
    <datafield tag="300" ind1=" " ind2=" ">
      <subfield code="a">300 p. :</subfield>
      <subfield code="b">map ;</subfield>
      <subfield code="c">23 cm.</subfield>
    </datafield>
    <datafield tag="500" ind1=" " ind2=" ">
      <subfield code="a">"The first Gil Cunningham murder mystery"--jacket.</subfield>
    </datafield>
    <datafield tag="650" ind1=" " ind2="0">
      <subfield code="a">Murder</subfield>
      <subfield code="x">Investigation</subfield>
      <subfield code="v">Fiction.</subfield>
      <subfield code="0">http://id.loc.gov/authorities/subjects/sh2008107761</subfield>
    </datafield>
    <datafield tag="650" ind1=" " ind2="0">
      <subfield code="a">Lawyers</subfield>
      <subfield code="z">Scotland</subfield>
      <subfield code="z">Glasgow</subfield>
      <subfield code="v">Fiction.</subfield>
    </datafield>
    <datafield tag="650" ind1=" " ind2="0">
      <subfield code="a">Stonemasons</subfield>
      <subfield code="z">Scotland</subfield>
      <subfield code="z">Glascow</subfield>
      <subfield code="v">Fiction.</subfield>
    </datafield>
    <datafield tag="650" ind1=" " ind2="0">
      <subfield code="a">Scotland</subfield>
      <subfield code="x">Social life and customs</subfield>
      <subfield code="y">To 1603</subfield>
      <subfield code="v">Fiction.</subfield>
    </datafield>
    <datafield tag="651" ind1=" " ind2="0">
      <subfield code="a">Glasgow (Scotland)</subfield>
      <subfield code="v">Fiction.</subfield>
      <subfield code="0">http://id.loc.gov/authorities/subjects/sh2008105032</subfield>
    </datafield>
    <datafield tag="655" ind1=" " ind2="7">
      <subfield code="a">Fiction.</subfield>
      <subfield code="2">lcgft</subfield>
      <subfield code="0">http://id.loc.gov/authorities/genreForms/gf2014026339</subfield>
    </datafield>
    <datafield tag="655" ind1=" " ind2="7">
      <subfield code="a">Fiction.</subfield>
      <subfield code="2">lcgft</subfield>
      <subfield code="0">http://id.loc.gov/authorities/genreForms/gf2014026339</subfield>
    </datafield>
    <datafield tag="852" ind1="0" ind2=" ">
      <subfield code="b">firestone</subfield>
      <subfield code="c">stacks</subfield>
      <subfield code="h">PR6113.C485</subfield>
      <subfield code="i">H37 2004</subfield>
      <subfield code="8">22488201800006421</subfield>
    </datafield>
  </record>