
  <record>
    <leader>01060dam a2200265 a 4500</leader>
    <controlfield tag="005">20200828175253.0</controlfield>
    <controlfield tag="008">041025s2004    nyu           000 1 eng d</controlfield>
    <controlfield tag="001">9942607313506421</controlfield>
    <datafield tag="020" ind1=" " ind2=" ">
      <subfield code="a">0786714182</subfield>
    </datafield>
    <datafield tag="035" ind1=" " ind2=" ">
      <subfield code="a">(OCoLC)ocm56836769</subfield>
    </datafield>
    <datafield tag="035" ind1=" " ind2=" ">
      <subfield code="a">4260731</subfield>
    </datafield>
    <datafield tag="035" ind1=" " ind2=" ">
      <subfield code="a">(NjP)4260731-princetondb</subfield>
    </datafield>
    <datafield tag="040" ind1=" " ind2=" ">
      <subfield code="a">OCO</subfield>
      <subfield code="c">OCO</subfield>
      <subfield code="d">NjP</subfield>
    </datafield>
    <datafield tag="050" ind1=" " ind2="4">
      <subfield code="a">PR6118.O233</subfield>
      <subfield code="b">M67 2004</subfield>
    </datafield>
    <datafield tag="100" ind1="1" ind2=" ">
      <subfield code="a">Roberts, David,</subfield>
      <subfield code="d">1944-</subfield>
      <subfield code="0">http://id.loc.gov/authorities/names/n2001026538</subfield>
    </datafield>
    <datafield tag="245" ind1="1" ind2="4">
      <subfield code="a">The more deceived /</subfield>
      <subfield code="c">David Roberts.</subfield>
    </datafield>
    <datafield tag="260" ind1=" " ind2=" ">
      <subfield code="a">New York :</subfield>
      <subfield code="b">Carroll &amp; Graf,</subfield>
      <subfield code="c">2004.</subfield>
    </datafield>
    <datafield tag="300" ind1=" " ind2=" ">
      <subfield code="a">246 p. ;</subfield>
      <subfield code="c">22 cm.</subfield>
    </datafield>
    <datafield tag="650" ind1=" " ind2="0">
      <subfield code="a">Nineteen thirties</subfield>
      <subfield code="v">Fiction.</subfield>
      <subfield code="0">http://id.loc.gov/authorities/subjects/sh2010103754</subfield>
    </datafield>
    <datafield tag="650" ind1=" " ind2="0">
      <subfield code="a">National security</subfield>
      <subfield code="z">Great Britain</subfield>
      <subfield code="v">Fiction.</subfield>
    </datafield>
    <datafield tag="651" ind1=" " ind2="0">
      <subfield code="a">Spain</subfield>
      <subfield code="x">History</subfield>
      <subfield code="y">Civil War, 1936-1939</subfield>
      <subfield code="v">Fiction.</subfield>
      <subfield code="0">http://id.loc.gov/authorities/subjects/sh2008117138</subfield>
    </datafield>
    <datafield tag="655" ind1=" " ind2="7">
      <subfield code="a">Fiction.</subfield>
      <subfield code="2">lcgft</subfield>
      <subfield code="0">http://id.loc.gov/authorities/genreForms/gf2014026339</subfield>
    </datafield>
    <datafield tag="655" ind1=" " ind2="7">
      <subfield code="a">Fiction.</subfield>
      <subfield code="2">lcgft</subfield>
      <subfield code="0">http://id.loc.gov/authorities/genreForms/gf2014026339</subfield>
    </datafield>
    <datafield tag="852" ind1="0" ind2=" ">
      <subfield code="b">firestone</subfield>
      <subfield code="c">stacks</subfield>
      <subfield code="h">PR6118.O233</subfield>
      <subfield code="i">M67 2004</subfield>
      <subfield code="8">22618949360006421</subfield>
    </datafield>
  </record>