
  <record>
    <leader>01523dam a2200349 a 4500</leader>
    <controlfield tag="005">20200828180536.0</controlfield>
    <controlfield tag="008">040621s2004    paub     b    000 0 eng  </controlfield>
    <controlfield tag="001">9942708073506421</controlfield>
    <datafield tag="010" ind1=" " ind2=" ">
      <subfield code="a">  2004014410</subfield>
    </datafield>
    <datafield tag="020" ind1=" " ind2=" ">
      <subfield code="a">1579548725 (hardcover)</subfield>
    </datafield>
    <datafield tag="035" ind1=" " ind2=" ">
      <subfield code="a">(OCoLC)55701386</subfield>
    </datafield>
    <datafield tag="035" ind1=" " ind2=" ">
      <subfield code="a">(DLC) 2004014410</subfield>
    </datafield>
    <datafield tag="035" ind1=" " ind2=" ">
      <subfield code="a">4270807</subfield>
    </datafield>
    <datafield tag="035" ind1=" " ind2=" ">
      <subfield code="a">(NjP)4270807-princetondb</subfield>
    </datafield>
    <datafield tag="040" ind1=" " ind2=" ">
      <subfield code="a">DLC</subfield>
      <subfield code="c">DLC</subfield>
      <subfield code="d">DLC</subfield>
      <subfield code="d">OrLoB</subfield>
    </datafield>
    <datafield tag="042" ind1=" " ind2=" ">
      <subfield code="a">pcc</subfield>
    </datafield>
    <datafield tag="043" ind1=" " ind2=" ">
      <subfield code="a">a-cc-ti</subfield>
    </datafield>
    <datafield tag="050" ind1="0" ind2="0">
      <subfield code="a">GV776.7.T55</subfield>
      <subfield code="b">H45 2004</subfield>
    </datafield>
    <datafield tag="082" ind1="0" ind2="0">
      <subfield code="a">797.122/4/09515</subfield>
      <subfield code="2">22</subfield>
    </datafield>
    <datafield tag="100" ind1="1" ind2=" ">
      <subfield code="a">Heller, Peter,</subfield>
      <subfield code="d">1959-</subfield>
      <subfield code="0">http://id.loc.gov/authorities/names/n91110527</subfield>
    </datafield>
    <datafield tag="245" ind1="1" ind2="0">
      <subfield code="a">Hell or high water :</subfield>
      <subfield code="b">surviving Tibet's Tsangpo River /</subfield>
      <subfield code="c">Peter Heller.</subfield>
    </datafield>
    <datafield tag="260" ind1=" " ind2=" ">
      <subfield code="a">[Emmaus, Pa.] :</subfield>
      <subfield code="b">Rodale,</subfield>
      <subfield code="c">c2004.</subfield>
    </datafield>
    <datafield tag="300" ind1=" " ind2=" ">
      <subfield code="a">ix, 278 p. :</subfield>
      <subfield code="b">maps ;</subfield>
      <subfield code="c">24 cm.</subfield>
    </datafield>
    <datafield tag="500" ind1=" " ind2=" ">
      <subfield code="a">"Distributed to the trade by Holtzbrinck Publishers"--T.p. verso.</subfield>
    </datafield>
    <datafield tag="504" ind1=" " ind2=" ">
      <subfield code="a">Includes bibliographical references (p. 277-278).</subfield>
    </datafield>
    <datafield tag="505" ind1="0" ind2=" ">
      <subfield code="a">The assignment -- Lhasa to Pe -- The river -- Tripe to Selung Creek -- Kintup the Tailor -- Gyala to Doug's Ledges -- Doug's Ledges to the Spur -- Pemakochung -- The Kondrasong La to Kondrasong La Falls -- Northeast Straits to Pine Camp -- The grand portage -- Gogden -- The Lower Gorge.</subfield>
    </datafield>
    <datafield tag="650" ind1=" " ind2="0">
      <subfield code="a">Kayaking</subfield>
      <subfield code="z">China</subfield>
      <subfield code="z">Tibet.</subfield>
    </datafield>
    <datafield tag="650" ind1=" " ind2="0">
      <subfield code="a">Kayaking</subfield>
      <subfield code="z">Brahmaputra River.</subfield>
    </datafield>
    <datafield tag="651" ind1=" " ind2="0">
      <subfield code="a">Tibet</subfield>
      <subfield code="x">Description and travel.</subfield>
    </datafield>
    <datafield tag="651" ind1=" " ind2="0">
      <subfield code="a">Brahmaputra River</subfield>
      <subfield code="x">Description and travel.</subfield>
    </datafield>
    <datafield tag="856" ind1="4" ind2="1">
      <subfield code="3">Table of contents</subfield>
      <subfield code="u">http://www.loc.gov/catdir/toc/ecip0419/2004014410.html</subfield>
    </datafield>
    <datafield tag="852" ind1="0" ind2=" ">
      <subfield code="b">firestone</subfield>
      <subfield code="c">stacks</subfield>
      <subfield code="h">GV776.7.T55</subfield>
      <subfield code="i">H45 2004</subfield>
      <subfield code="8">22483635690006421</subfield>
    </datafield>
  </record>