
  <record>
    <leader>01874dam a22004094a 4500</leader>
    <controlfield tag="005">20200828181007.0</controlfield>
    <controlfield tag="008">041112s2004    gw       b    000 0 eng  </controlfield>
    <controlfield tag="001">9942746503506421</controlfield>
    <datafield tag="010" ind1=" " ind2=" ">
      <subfield code="a">  2004061559</subfield>
    </datafield>
    <datafield tag="035" ind1=" " ind2=" ">
      <subfield code="a">(OCoLC)ocm56840184</subfield>
    </datafield>
    <datafield tag="035" ind1=" " ind2=" ">
      <subfield code="a">(GyWOH)har040120140</subfield>
    </datafield>
    <datafield tag="035" ind1=" " ind2=" ">
      <subfield code="a">4274650</subfield>
    </datafield>
    <datafield tag="035" ind1=" " ind2=" ">
      <subfield code="a">(NjP)4274650-princetondb</subfield>
    </datafield>
    <datafield tag="035" ind1=" " ind2=" ">
      <subfield code="z">(OCoLC)56879016</subfield>
    </datafield>
    <datafield tag="040" ind1=" " ind2=" ">
      <subfield code="a">DLC</subfield>
      <subfield code="c">DLC</subfield>
      <subfield code="d">OHX</subfield>
      <subfield code="d">BAKER</subfield>
    </datafield>
    <datafield tag="016" ind1="7" ind2=" ">
      <subfield code="a">972328947</subfield>
      <subfield code="2">GyFmDB</subfield>
    </datafield>
    <datafield tag="019" ind1=" " ind2=" ">
      <subfield code="a">56879016</subfield>
    </datafield>
    <datafield tag="020" ind1=" " ind2=" ">
      <subfield code="a">3631533020</subfield>
    </datafield>
    <datafield tag="020" ind1=" " ind2=" ">
      <subfield code="a">0820476536</subfield>
    </datafield>
    <datafield tag="043" ind1=" " ind2=" ">
      <subfield code="a">fs-----</subfield>
    </datafield>
    <datafield tag="050" ind1="0" ind2="0">
      <subfield code="a">PR9340.5</subfield>
      <subfield code="b">.W45 2004</subfield>
    </datafield>
    <datafield tag="072" ind1=" " ind2="7">
      <subfield code="a">PL</subfield>
      <subfield code="2">lcco</subfield>
    </datafield>
    <datafield tag="082" ind1="0" ind2="0">
      <subfield code="a">820.9/9287/09680904</subfield>
      <subfield code="2">22</subfield>
    </datafield>
    <datafield tag="100" ind1="1" ind2=" ">
      <subfield code="a">Weiss, Bettina.</subfield>
      <subfield code="0">http://id.loc.gov/authorities/names/n2004037292</subfield>
    </datafield>
    <datafield tag="245" ind1="1" ind2="0">
      <subfield code="a">Tangible voice-throwing :</subfield>
      <subfield code="b">empowering corporeal discourses in African women's writing of Southern Africa /</subfield>
      <subfield code="c">Bettina Weiss.</subfield>
    </datafield>
    <datafield tag="260" ind1=" " ind2=" ">
      <subfield code="a">Frankfurt am Main ;</subfield>
      <subfield code="a">New York :</subfield>
      <subfield code="b">Peter Lang,</subfield>
      <subfield code="c">2004.</subfield>
    </datafield>
    <datafield tag="300" ind1=" " ind2=" ">
      <subfield code="a">269 p. ;</subfield>
      <subfield code="c">22 cm.</subfield>
    </datafield>
    <datafield tag="490" ind1="1" ind2=" ">
      <subfield code="a">European university studies. Series XIV, Anglo-Saxon language and literature ;</subfield>
      <subfield code="v">v. 408 =</subfield>
      <subfield code="a">Europäische Hochschulschriften. Reihe XIV, Angelsächsische Sprache und Literatur ;</subfield>
      <subfield code="v">Bd. 408</subfield>
    </datafield>
    <datafield tag="504" ind1=" " ind2=" ">
      <subfield code="a">Includes bibliographical references (p. 231-258).</subfield>
    </datafield>
    <datafield tag="650" ind1=" " ind2="0">
      <subfield code="a">African literature (English)</subfield>
      <subfield code="x">Women authors</subfield>
      <subfield code="x">History and criticism.</subfield>
    </datafield>
    <datafield tag="650" ind1=" " ind2="0">
      <subfield code="a">Women and literature</subfield>
      <subfield code="z">Africa, Southern</subfield>
      <subfield code="x">History</subfield>
      <subfield code="y">20th century.</subfield>
    </datafield>
    <datafield tag="650" ind1=" " ind2="0">
      <subfield code="a">Women</subfield>
      <subfield code="z">Africa, Southern</subfield>
      <subfield code="x">Intellectual life.</subfield>
    </datafield>
    <datafield tag="650" ind1=" " ind2="0">
      <subfield code="a">Power (Social sciences) in literature.</subfield>
      <subfield code="0">http://id.loc.gov/authorities/subjects/sh94008413</subfield>
    </datafield>
    <datafield tag="651" ind1=" " ind2="0">
      <subfield code="a">Africa, Southern</subfield>
      <subfield code="x">In literature.</subfield>
    </datafield>
    <datafield tag="650" ind1=" " ind2="0">
      <subfield code="a">Human body in literature.</subfield>
      <subfield code="0">http://id.loc.gov/authorities/subjects/sh85015234</subfield>
    </datafield>
    <datafield tag="650" ind1=" " ind2="0">
      <subfield code="a">Women in literature.</subfield>
      <subfield code="0">http://id.loc.gov/authorities/subjects/sh85147587</subfield>
    </datafield>
    <datafield tag="830" ind1=" " ind2="0">
      <subfield code="a">Europäische Hochschulschriften.</subfield>
      <subfield code="n">Reihe XIV,</subfield>
      <subfield code="p">Angelsächsische Sprache und Literatur ;</subfield>
      <subfield code="v">Bd. 408.</subfield>
    </datafield>
    <datafield tag="852" ind1="0" ind2=" ">
      <subfield code="b">firestone</subfield>
      <subfield code="c">stacks</subfield>
      <subfield code="h">PR9340.5</subfield>
      <subfield code="i">.W45 2004</subfield>
      <subfield code="8">22641134180006421</subfield>
    </datafield>
  </record>