
  <record>
    <leader>00784dam a2200229 a 4500</leader>
    <controlfield tag="005">20200828190304.0</controlfield>
    <controlfield tag="008">040706s2004    nscb          000 1 eng d</controlfield>
    <controlfield tag="001">9942823153506421</controlfield>
    <datafield tag="020" ind1=" " ind2=" ">
      <subfield code="a">0973241411</subfield>
    </datafield>
    <datafield tag="035" ind1=" " ind2=" ">
      <subfield code="a">(OCoLC)ocm56011659</subfield>
    </datafield>
    <datafield tag="035" ind1=" " ind2=" ">
      <subfield code="a">4282315</subfield>
    </datafield>
    <datafield tag="035" ind1=" " ind2=" ">
      <subfield code="a">(NjP)4282315-princetondb</subfield>
    </datafield>
    <datafield tag="040" ind1=" " ind2=" ">
      <subfield code="a">NLC</subfield>
      <subfield code="b">eng</subfield>
      <subfield code="c">NLC</subfield>
      <subfield code="d">NjP</subfield>
    </datafield>
    <datafield tag="050" ind1=" " ind2="4">
      <subfield code="a">PR9199.4.J47</subfield>
      <subfield code="b">S67 2004</subfield>
    </datafield>
    <datafield tag="055" ind1="0" ind2="0">
      <subfield code="a">PS8569 E74</subfield>
      <subfield code="b">S68 2004</subfield>
    </datafield>
    <datafield tag="082" ind1="0" ind2=" ">
      <subfield code="a">C813/.6</subfield>
      <subfield code="2">22</subfield>
    </datafield>
    <datafield tag="100" ind1="1" ind2=" ">
      <subfield code="a">Jess, Cameron Royce,</subfield>
      <subfield code="d">1943-</subfield>
      <subfield code="0">http://id.loc.gov/authorities/names/no2004015170</subfield>
    </datafield>
    <datafield tag="245" ind1="1" ind2="0">
      <subfield code="a">Soul voyage /</subfield>
      <subfield code="c">by Cameron Royce Jess.</subfield>
    </datafield>
    <datafield tag="260" ind1=" " ind2=" ">
      <subfield code="a">Port Williams, N.S. :</subfield>
      <subfield code="b">Inscape Publications,</subfield>
      <subfield code="c">2004.</subfield>
    </datafield>
    <datafield tag="300" ind1=" " ind2=" ">
      <subfield code="a">vi, 263 p. :</subfield>
      <subfield code="b">map ;</subfield>
      <subfield code="c">22 cm.</subfield>
    </datafield>
    <datafield tag="655" ind1=" " ind2="7">
      <subfield code="a">Fiction.</subfield>
      <subfield code="2">lcgft</subfield>
      <subfield code="0">http://id.loc.gov/authorities/genreForms/gf2014026339</subfield>
    </datafield>
    <datafield tag="852" ind1="0" ind2=" ">
      <subfield code="b">firestone</subfield>
      <subfield code="c">stacks</subfield>
      <subfield code="h">PR9199.4.J47</subfield>
      <subfield code="i">S67 2004</subfield>
      <subfield code="8">22704453180006421</subfield>
    </datafield>
  </record>