
  <record>
    <leader>01802dam a22003614a 4500</leader>
    <controlfield tag="005">20200828214729.0</controlfield>
    <controlfield tag="008">050217s2005    ncua          001 0 eng  </controlfield>
    <controlfield tag="001">9944401763506421</controlfield>
    <datafield tag="010" ind1=" " ind2=" ">
      <subfield code="a">  2004027685</subfield>
    </datafield>
    <datafield tag="035" ind1=" " ind2=" ">
      <subfield code="a">(OCoLC)ocm57068334</subfield>
    </datafield>
    <datafield tag="035" ind1=" " ind2=" ">
      <subfield code="a">(OrLoB)R8480744</subfield>
    </datafield>
    <datafield tag="035" ind1=" " ind2=" ">
      <subfield code="a">4440176</subfield>
    </datafield>
    <datafield tag="035" ind1=" " ind2=" ">
      <subfield code="a">(NjP)4440176-princetondb</subfield>
    </datafield>
    <datafield tag="040" ind1=" " ind2=" ">
      <subfield code="a">DLC</subfield>
      <subfield code="c">DLC</subfield>
      <subfield code="d">YDX</subfield>
    </datafield>
    <datafield tag="020" ind1=" " ind2=" ">
      <subfield code="a">078641930X (softcover : alk. paper)</subfield>
    </datafield>
    <datafield tag="042" ind1=" " ind2=" ">
      <subfield code="a">pcc</subfield>
    </datafield>
    <datafield tag="043" ind1=" " ind2=" ">
      <subfield code="a">n-us---</subfield>
    </datafield>
    <datafield tag="050" ind1="0" ind2="0">
      <subfield code="a">GV697.A1</subfield>
      <subfield code="b">H617 2005</subfield>
    </datafield>
    <datafield tag="082" ind1="0" ind2="0">
      <subfield code="a">796.42/092</subfield>
      <subfield code="a">B</subfield>
      <subfield code="2">22</subfield>
    </datafield>
    <datafield tag="100" ind1="1" ind2=" ">
      <subfield code="a">Holst, Donald.</subfield>
      <subfield code="0">http://id.loc.gov/authorities/names/n2001107580</subfield>
    </datafield>
    <datafield tag="245" ind1="1" ind2="0">
      <subfield code="a">American men of Olympic track and field :</subfield>
      <subfield code="b">interviews with athletes and coaches /</subfield>
      <subfield code="c">Don Holst and Marcia Popp.</subfield>
    </datafield>
    <datafield tag="260" ind1=" " ind2=" ">
      <subfield code="a">Jefferson, N.C. :</subfield>
      <subfield code="b">McFarland &amp; Co,</subfield>
      <subfield code="c">c2005.</subfield>
    </datafield>
    <datafield tag="300" ind1=" " ind2=" ">
      <subfield code="a">viii, 208 p. :</subfield>
      <subfield code="b">ill. ;</subfield>
      <subfield code="c">23 cm.</subfield>
    </datafield>
    <datafield tag="500" ind1=" " ind2=" ">
      <subfield code="a">Includes index.</subfield>
    </datafield>
    <datafield tag="520" ind1=" " ind2=" ">
      <subfield code="a">"This book highlights those whose lives have revealed courage, persistence and decency both on and off the field. After their careers ended, they went on to become authors, teachers, coaches, radio and television sports commentators, consultants, Congressmen, actors, businessmen, military officers, social workers and ministers. Many continued in athletics long after their days as Olympians"--Provided by publisher.</subfield>
    </datafield>
    <datafield tag="650" ind1=" " ind2="0">
      <subfield code="a">Track and field athletes</subfield>
      <subfield code="z">United States</subfield>
      <subfield code="v">Interviews.</subfield>
    </datafield>
    <datafield tag="650" ind1=" " ind2="0">
      <subfield code="a">Track and field coaches</subfield>
      <subfield code="z">United States</subfield>
      <subfield code="v">Interviews.</subfield>
    </datafield>
    <datafield tag="650" ind1=" " ind2="0">
      <subfield code="a">Olympics.</subfield>
      <subfield code="0">http://id.loc.gov/authorities/subjects/sh85094647</subfield>
    </datafield>
    <datafield tag="655" ind1=" " ind2="7">
      <subfield code="a">Interviews.</subfield>
      <subfield code="2">lcgft</subfield>
      <subfield code="0">http://id.loc.gov/authorities/genreForms/gf2014026115</subfield>
    </datafield>
    <datafield tag="700" ind1="1" ind2=" ">
      <subfield code="a">Popp, Marcia S.</subfield>
      <subfield code="0">http://id.loc.gov/authorities/names/n95111582</subfield>
    </datafield>
    <datafield tag="856" ind1="4" ind2="1">
      <subfield code="3">Table of contents</subfield>
      <subfield code="u">http://www.loc.gov/catdir/toc/ecip054/2004027685.html</subfield>
    </datafield>
    <datafield tag="852" ind1="0" ind2=" ">
      <subfield code="b">firestone</subfield>
      <subfield code="c">stacks</subfield>
      <subfield code="h">GV697.A1</subfield>
      <subfield code="i">H617 2005</subfield>
      <subfield code="8">22652891660006421</subfield>
    </datafield>
  </record>