
  <record>
    <leader>01134dam a2200301Ia 4500</leader>
    <controlfield tag="005">20200828221715.0</controlfield>
    <controlfield tag="008">050107s2004    gw a     b    100 0 eng d</controlfield>
    <controlfield tag="001">9944715073506421</controlfield>
    <datafield tag="020" ind1=" " ind2=" ">
      <subfield code="a">3896652664 (pbk.)</subfield>
    </datafield>
    <datafield tag="020" ind1=" " ind2=" ">
      <subfield code="a">9783896652669 (pbk.)</subfield>
    </datafield>
    <datafield tag="035" ind1=" " ind2=" ">
      <subfield code="a">(OCoLC)ocm57388831</subfield>
    </datafield>
    <datafield tag="035" ind1=" " ind2=" ">
      <subfield code="a">4471507</subfield>
    </datafield>
    <datafield tag="035" ind1=" " ind2=" ">
      <subfield code="a">(NjP)4471507-princetondb</subfield>
    </datafield>
    <datafield tag="040" ind1=" " ind2=" ">
      <subfield code="a">OHX</subfield>
      <subfield code="c">OHX</subfield>
      <subfield code="d">AZS</subfield>
    </datafield>
    <datafield tag="090" ind1=" " ind2=" ">
      <subfield code="a">GV706.34</subfield>
      <subfield code="b">.L63 2002</subfield>
    </datafield>
    <datafield tag="111" ind1="2" ind2=" ">
      <subfield code="a">ISHPES Seminar</subfield>
      <subfield code="n">(6th :</subfield>
      <subfield code="d">2002 :</subfield>
      <subfield code="c">Kanazawa-shi, Japan)</subfield>
    </datafield>
    <datafield tag="245" ind1="1" ind2="0">
      <subfield code="a">Local identity and sport :</subfield>
      <subfield code="b">historical study of integration and differentiation : proceedings of the 6th ISHPES Seminar, Kanazawa, Japan, 2002 /</subfield>
      <subfield code="c">Hideaki Okubo (ed.).</subfield>
    </datafield>
    <datafield tag="250" ind1=" " ind2=" ">
      <subfield code="a">1. Aufl.</subfield>
    </datafield>
    <datafield tag="260" ind1=" " ind2=" ">
      <subfield code="a">Sankt Augustin :</subfield>
      <subfield code="b">Academia,</subfield>
      <subfield code="c">2004.</subfield>
    </datafield>
    <datafield tag="300" ind1=" " ind2=" ">
      <subfield code="a">443 p. :</subfield>
      <subfield code="b">ill. ;</subfield>
      <subfield code="c">24 cm.</subfield>
    </datafield>
    <datafield tag="440" ind1=" " ind2="0">
      <subfield code="a">ISHPES studies ;</subfield>
      <subfield code="v">v. 11</subfield>
    </datafield>
    <datafield tag="504" ind1=" " ind2=" ">
      <subfield code="a">Includes bibliographical references.</subfield>
    </datafield>
    <datafield tag="650" ind1=" " ind2="0">
      <subfield code="a">Nationalism and sports</subfield>
      <subfield code="v">Congresses.</subfield>
    </datafield>
    <datafield tag="650" ind1=" " ind2="0">
      <subfield code="a">Sports and globalization</subfield>
      <subfield code="v">Congresses.</subfield>
    </datafield>
    <datafield tag="650" ind1=" " ind2="0">
      <subfield code="a">Sports and state</subfield>
      <subfield code="v">Congresses.</subfield>
    </datafield>
    <datafield tag="700" ind1="1" ind2=" ">
      <subfield code="a">Ōkubo, Hideaki,</subfield>
      <subfield code="d">1950-</subfield>
      <subfield code="0">http://id.loc.gov/authorities/names/nr99012645</subfield>
    </datafield>
    <datafield tag="852" ind1="0" ind2=" ">
      <subfield code="b">firestone</subfield>
      <subfield code="c">stacks</subfield>
      <subfield code="h">GV706.34</subfield>
      <subfield code="i">.L63 2002</subfield>
      <subfield code="8">22582394100006421</subfield>
    </datafield>
  </record>