
  <record>
    <leader>02050dam a22003014a 4500</leader>
    <controlfield tag="005">20200828221941.0</controlfield>
    <controlfield tag="008">040422s2005    nju      b    001 0deng  </controlfield>
    <controlfield tag="001">9944736653506421</controlfield>
    <datafield tag="010" ind1=" " ind2=" ">
      <subfield code="a">  2004009417</subfield>
    </datafield>
    <datafield tag="035" ind1=" " ind2=" ">
      <subfield code="a">(OCoLC)ocm55019097</subfield>
    </datafield>
    <datafield tag="035" ind1=" " ind2=" ">
      <subfield code="a">4473665</subfield>
    </datafield>
    <datafield tag="035" ind1=" " ind2=" ">
      <subfield code="a">(NjP)4473665-princetondb</subfield>
    </datafield>
    <datafield tag="040" ind1=" " ind2=" ">
      <subfield code="a">DLC</subfield>
      <subfield code="c">DLC</subfield>
      <subfield code="d">OCO</subfield>
      <subfield code="d">C#P</subfield>
    </datafield>
    <datafield tag="020" ind1=" " ind2=" ">
      <subfield code="a">0471482048 (cloth)</subfield>
    </datafield>
    <datafield tag="042" ind1=" " ind2=" ">
      <subfield code="a">pcc</subfield>
    </datafield>
    <datafield tag="043" ind1=" " ind2=" ">
      <subfield code="a">n-us---</subfield>
    </datafield>
    <datafield tag="050" ind1="0" ind2="0">
      <subfield code="a">GV863.A1</subfield>
      <subfield code="b">A76 2005</subfield>
    </datafield>
    <datafield tag="082" ind1="0" ind2="0">
      <subfield code="a">796.357/0973</subfield>
      <subfield code="2">22</subfield>
    </datafield>
    <datafield tag="100" ind1="1" ind2=" ">
      <subfield code="a">Aron, Paul,</subfield>
      <subfield code="d">1956-</subfield>
      <subfield code="0">http://id.loc.gov/authorities/names/n97018416</subfield>
    </datafield>
    <datafield tag="245" ind1="1" ind2="0">
      <subfield code="a">Did Babe Ruth call his shot? :</subfield>
      <subfield code="b">and other unsolved mysteries of baseball /</subfield>
      <subfield code="c">Paul Aron.</subfield>
    </datafield>
    <datafield tag="260" ind1=" " ind2=" ">
      <subfield code="a">Hoboken, N.J. :</subfield>
      <subfield code="b">Wiley,</subfield>
      <subfield code="c">c2005.</subfield>
    </datafield>
    <datafield tag="300" ind1=" " ind2=" ">
      <subfield code="a">viii, 232 p. ;</subfield>
      <subfield code="c">24 cm.</subfield>
    </datafield>
    <datafield tag="504" ind1=" " ind2=" ">
      <subfield code="a">Includes bibliographical references and index.</subfield>
    </datafield>
    <datafield tag="505" ind1="0" ind2=" ">
      <subfield code="a">Who invented baseball? -- Who was the first black in the majors? -- Who was Casey at the bat? -- Was Ed Delahanty murdered? -- Did Merkle touch second? -- Did Cobb win the 1910 batting race? -- Did Shoeless Joe throw the series? -- What caused Ruth's "bellyache?" -- What caused the home run surge? -- Did Babe Ruth call his shot? -- Was Moe Berg a spy? -- What caused the feud between Williams and the press? -- Why did Rickey sign Robinson? -- How old was Satchel Paige? -- Did Thomson steal Branca's sign? -- Why did the Dodgers move? -- Why didn't Castro sign with the Senators? -- Why was Steinbrenner banned? -- What took the Red Sox so long? -- Why can't the Cubs win? -- Who threw the spitter? -- Does a curve ball curve? -- Where did "fungo" come from? -- Can small-market teams compete? -- Does clutch hitting exist? -- Were yesterday's players better? -- Do managers matter? -- Does it pay to steal?</subfield>
    </datafield>
    <datafield tag="650" ind1=" " ind2="0">
      <subfield code="a">Baseball</subfield>
      <subfield code="z">United States</subfield>
      <subfield code="x">History.</subfield>
      <subfield code="0">http://id.loc.gov/authorities/subjects/sh2008117470</subfield>
    </datafield>
    <datafield tag="650" ind1=" " ind2="0">
      <subfield code="a">Baseball players</subfield>
      <subfield code="z">United States</subfield>
      <subfield code="v">Biography.</subfield>
      <subfield code="0">http://id.loc.gov/authorities/subjects/sh2007101902</subfield>
    </datafield>
    <datafield tag="856" ind1="4" ind2="1">
      <subfield code="3">Table of contents</subfield>
      <subfield code="u">http://www.loc.gov/catdir/toc/ecip0417/2004009417.html</subfield>
    </datafield>
    <datafield tag="852" ind1="0" ind2=" ">
      <subfield code="b">firestone</subfield>
      <subfield code="c">stacks</subfield>
      <subfield code="h">GV863.A1</subfield>
      <subfield code="i">A76 2005</subfield>
      <subfield code="8">22702059710006421</subfield>
    </datafield>
  </record>