
  <record>
    <leader>00682dam a2200205 a 4500</leader>
    <controlfield tag="005">20200922125327.0</controlfield>
    <controlfield tag="008">050118s2005    onc           000 1 eng d</controlfield>
    <controlfield tag="001">9945540923506421</controlfield>
    <datafield tag="020" ind1=" " ind2=" ">
      <subfield code="a">1552784886</subfield>
    </datafield>
    <datafield tag="035" ind1=" " ind2=" ">
      <subfield code="a">(OCoLC)ocm57638681</subfield>
    </datafield>
    <datafield tag="035" ind1=" " ind2=" ">
      <subfield code="a">4554092</subfield>
    </datafield>
    <datafield tag="035" ind1=" " ind2=" ">
      <subfield code="a">(NjP)4554092-princetondb</subfield>
    </datafield>
    <datafield tag="040" ind1=" " ind2=" ">
      <subfield code="a">NLC</subfield>
      <subfield code="b">eng</subfield>
      <subfield code="c">NLC</subfield>
      <subfield code="d">NjP</subfield>
    </datafield>
    <datafield tag="050" ind1=" " ind2="4">
      <subfield code="a">PR9199.4.H55</subfield>
      <subfield code="b">S64 2005</subfield>
    </datafield>
    <datafield tag="100" ind1="1" ind2=" ">
      <subfield code="a">Hines, Anne,</subfield>
      <subfield code="d">1958-</subfield>
      <subfield code="0">http://id.loc.gov/authorities/names/no2005083881</subfield>
    </datafield>
    <datafield tag="245" ind1="1" ind2="4">
      <subfield code="a">The spiral garden :</subfield>
      <subfield code="b">a novel /</subfield>
      <subfield code="c">Anne Hines.</subfield>
    </datafield>
    <datafield tag="260" ind1=" " ind2=" ">
      <subfield code="a">Toronto :</subfield>
      <subfield code="b">McArthur,</subfield>
      <subfield code="c">2005.</subfield>
    </datafield>
    <datafield tag="300" ind1=" " ind2=" ">
      <subfield code="a">267 p. ;</subfield>
      <subfield code="c">19 cm.</subfield>
    </datafield>
    <datafield tag="655" ind1=" " ind2="7">
      <subfield code="a">Fiction.</subfield>
      <subfield code="2">lcgft</subfield>
      <subfield code="0">http://id.loc.gov/authorities/genreForms/gf2014026339</subfield>
    </datafield>
    <datafield tag="852" ind1="0" ind2=" ">
      <subfield code="b">firestone</subfield>
      <subfield code="c">stacks</subfield>
      <subfield code="h">PR9199.4.H55</subfield>
      <subfield code="i">S64 2005</subfield>
      <subfield code="8">22554990630006421</subfield>
    </datafield>
  </record>