
  <record>
    <leader>00713dam a2200229 a 4500</leader>
    <controlfield tag="005">20200922125608.0</controlfield>
    <controlfield tag="008">050202s2005    snc           000 0 eng d</controlfield>
    <controlfield tag="001">9945565743506421</controlfield>
    <datafield tag="020" ind1=" " ind2=" ">
      <subfield code="a">1894345916</subfield>
    </datafield>
    <datafield tag="035" ind1=" " ind2=" ">
      <subfield code="a">(OCoLC)ocm57696789</subfield>
    </datafield>
    <datafield tag="035" ind1=" " ind2=" ">
      <subfield code="a">4556574</subfield>
    </datafield>
    <datafield tag="035" ind1=" " ind2=" ">
      <subfield code="a">(NjP)4556574-princetondb</subfield>
    </datafield>
    <datafield tag="040" ind1=" " ind2=" ">
      <subfield code="a">NLC</subfield>
      <subfield code="b">eng</subfield>
      <subfield code="c">NLC</subfield>
      <subfield code="d">NjP</subfield>
    </datafield>
    <datafield tag="050" ind1=" " ind2="4">
      <subfield code="a">PR9199.4.H3565</subfield>
      <subfield code="b">T547 2005</subfield>
    </datafield>
    <datafield tag="055" ind1="0" ind2="0">
      <subfield code="a">PS8615 A545</subfield>
      <subfield code="b">T45 2005</subfield>
    </datafield>
    <datafield tag="082" ind1="0" ind2=" ">
      <subfield code="a">C811/.6</subfield>
      <subfield code="2">22</subfield>
    </datafield>
    <datafield tag="100" ind1="1" ind2=" ">
      <subfield code="a">Hamon, Tracy,</subfield>
      <subfield code="d">1964-</subfield>
      <subfield code="0">http://id.loc.gov/authorities/names/no2005065216</subfield>
    </datafield>
    <datafield tag="245" ind1="1" ind2="0">
      <subfield code="a">This is not Eden /</subfield>
      <subfield code="c">Tracy Hamon.</subfield>
    </datafield>
    <datafield tag="260" ind1=" " ind2=" ">
      <subfield code="a">Saskatoon :</subfield>
      <subfield code="b">Thistledown Press,</subfield>
      <subfield code="c">c2005.</subfield>
    </datafield>
    <datafield tag="300" ind1=" " ind2=" ">
      <subfield code="a">63 p. ;</subfield>
      <subfield code="c">22 cm.</subfield>
    </datafield>
    <datafield tag="440" ind1=" " ind2="0">
      <subfield code="a">New leaf editions.</subfield>
      <subfield code="n">Series nine</subfield>
    </datafield>
    <datafield tag="852" ind1="0" ind2=" ">
      <subfield code="b">firestone</subfield>
      <subfield code="c">stacks</subfield>
      <subfield code="h">PR9199.4.H3565</subfield>
      <subfield code="i">T547 2005</subfield>
      <subfield code="8">22715271560006421</subfield>
    </datafield>
  </record>