
  <record>
    <leader>01193dam a2200301 a 4500</leader>
    <controlfield tag="005">20200922103153.0</controlfield>
    <controlfield tag="008">040927s2003    nz abf   b    001 0beng d</controlfield>
    <controlfield tag="001">9945853013506421</controlfield>
    <datafield tag="010" ind1=" " ind2=" ">
      <subfield code="a">  2004445727</subfield>
    </datafield>
    <datafield tag="035" ind1=" " ind2=" ">
      <subfield code="a">(OCoLC)ocm58468600</subfield>
    </datafield>
    <datafield tag="035" ind1=" " ind2=" ">
      <subfield code="a">4585301</subfield>
    </datafield>
    <datafield tag="035" ind1=" " ind2=" ">
      <subfield code="a">(NjP)4585301-princetondb</subfield>
    </datafield>
    <datafield tag="040" ind1=" " ind2=" ">
      <subfield code="a">NZNB</subfield>
      <subfield code="c">DLC</subfield>
      <subfield code="d">OCL</subfield>
    </datafield>
    <datafield tag="020" ind1=" " ind2=" ">
      <subfield code="a">014301871X (pbk.)</subfield>
    </datafield>
    <datafield tag="042" ind1=" " ind2=" ">
      <subfield code="a">lccopycat</subfield>
    </datafield>
    <datafield tag="043" ind1=" " ind2=" ">
      <subfield code="a">u-nz---</subfield>
      <subfield code="a">e-gr---</subfield>
    </datafield>
    <datafield tag="050" ind1="0" ind2="0">
      <subfield code="a">PR9639.3.M78</subfield>
      <subfield code="b">Z83 2003</subfield>
    </datafield>
    <datafield tag="082" ind1="0" ind2="0">
      <subfield code="a">823/.912</subfield>
      <subfield code="a">B</subfield>
      <subfield code="2">22</subfield>
    </datafield>
    <datafield tag="100" ind1="1" ind2=" ">
      <subfield code="a">O'Sullivan, Vincent.</subfield>
      <subfield code="0">http://id.loc.gov/authorities/names/n50049682</subfield>
    </datafield>
    <datafield tag="245" ind1="1" ind2="0">
      <subfield code="a">Long journey to the border :</subfield>
      <subfield code="b">a life of John Mulgan /</subfield>
      <subfield code="c">Vincent O'Sullivan.</subfield>
    </datafield>
    <datafield tag="260" ind1=" " ind2=" ">
      <subfield code="a">Auckland, N.Z. ;</subfield>
      <subfield code="a">New York :</subfield>
      <subfield code="b">Penguin Books,</subfield>
      <subfield code="c">2003.</subfield>
    </datafield>
    <datafield tag="300" ind1=" " ind2=" ">
      <subfield code="a">368 p., [16] p. of plates :</subfield>
      <subfield code="b">ill., maps ;</subfield>
      <subfield code="c">23 cm.</subfield>
    </datafield>
    <datafield tag="500" ind1=" " ind2=" ">
      <subfield code="a">"A Penguin original"--P. [4] of cover.</subfield>
    </datafield>
    <datafield tag="504" ind1=" " ind2=" ">
      <subfield code="a">Includes bibliographical references (p. [340]-357) and index.</subfield>
    </datafield>
    <datafield tag="600" ind1="1" ind2="0">
      <subfield code="a">Mulgan, John,</subfield>
      <subfield code="d">1911-1945.</subfield>
      <subfield code="0">http://id.loc.gov/authorities/names/n90656218</subfield>
    </datafield>
    <datafield tag="650" ind1=" " ind2="0">
      <subfield code="a">Authors, New Zealand</subfield>
      <subfield code="y">20th century</subfield>
      <subfield code="v">Biography.</subfield>
      <subfield code="0">http://id.loc.gov/authorities/subjects/sh2007101693</subfield>
    </datafield>
    <datafield tag="650" ind1=" " ind2="0">
      <subfield code="a">New Zealanders</subfield>
      <subfield code="z">Greece</subfield>
      <subfield code="v">Biography.</subfield>
    </datafield>
    <datafield tag="852" ind1="0" ind2=" ">
      <subfield code="b">firestone</subfield>
      <subfield code="c">stacks</subfield>
      <subfield code="h">PR9639.3.M78</subfield>
      <subfield code="i">Z83 2003</subfield>
      <subfield code="8">22581986300006421</subfield>
    </datafield>
  </record>