
  <record>
    <leader>00972dam a2200253Ia 4500</leader>
    <controlfield tag="005">20200922104004.0</controlfield>
    <controlfield tag="008">050920s2004    nyuaf    b    001 0 eng d</controlfield>
    <controlfield tag="001">9945915693506421</controlfield>
    <datafield tag="035" ind1=" " ind2=" ">
      <subfield code="a">(OCoLC)ocm54666112</subfield>
    </datafield>
    <datafield tag="035" ind1=" " ind2=" ">
      <subfield code="a">4591569</subfield>
    </datafield>
    <datafield tag="035" ind1=" " ind2=" ">
      <subfield code="a">(NjP)4591569-princetondb</subfield>
    </datafield>
    <datafield tag="040" ind1=" " ind2=" ">
      <subfield code="a">HVC</subfield>
      <subfield code="c">HVC</subfield>
      <subfield code="d">OCLCQ</subfield>
      <subfield code="d">BAKER</subfield>
    </datafield>
    <datafield tag="020" ind1=" " ind2=" ">
      <subfield code="a">0974766003</subfield>
    </datafield>
    <datafield tag="043" ind1=" " ind2=" ">
      <subfield code="a">e-gr---</subfield>
    </datafield>
    <datafield tag="050" ind1=" " ind2="4">
      <subfield code="a">GV721.5</subfield>
      <subfield code="b">.K58 2004</subfield>
    </datafield>
    <datafield tag="100" ind1="1" ind2=" ">
      <subfield code="a">Kitroeff, Alexander.</subfield>
      <subfield code="0">http://id.loc.gov/authorities/names/n87937459</subfield>
    </datafield>
    <datafield tag="245" ind1="1" ind2="0">
      <subfield code="a">Wrestling with the ancients :</subfield>
      <subfield code="b">modern Greek identity and the Olympics /</subfield>
      <subfield code="c">Alexander Kitroeff.</subfield>
    </datafield>
    <datafield tag="260" ind1=" " ind2=" ">
      <subfield code="a">New York :</subfield>
      <subfield code="b">Greekworks.com,</subfield>
      <subfield code="c">2004.</subfield>
    </datafield>
    <datafield tag="300" ind1=" " ind2=" ">
      <subfield code="a">viii, 276 p., [16] p. of plates :</subfield>
      <subfield code="b">ill. ;</subfield>
      <subfield code="c">24 cm.</subfield>
    </datafield>
    <datafield tag="504" ind1=" " ind2=" ">
      <subfield code="a">Includes bibliographical references (p. 257-266) and index.</subfield>
    </datafield>
    <datafield tag="650" ind1=" " ind2="0">
      <subfield code="a">Olympics.</subfield>
      <subfield code="0">http://id.loc.gov/authorities/subjects/sh85094647</subfield>
    </datafield>
    <datafield tag="650" ind1=" " ind2="0">
      <subfield code="a">Nationalism</subfield>
      <subfield code="z">Greece.</subfield>
      <subfield code="0">http://id.loc.gov/authorities/subjects/sh2010103293</subfield>
    </datafield>
    <datafield tag="852" ind1="0" ind2=" ">
      <subfield code="b">firestone</subfield>
      <subfield code="c">stacks</subfield>
      <subfield code="h">GV721.5</subfield>
      <subfield code="i">.K58 2004</subfield>
      <subfield code="8">22594652740006421</subfield>
    </datafield>
  </record>