
  <record>
    <leader>00627dam a2200205 a 4500</leader>
    <controlfield tag="005">20200922113341.0</controlfield>
    <controlfield tag="008">051019s2005    wlk           000 0 eng d</controlfield>
    <controlfield tag="001">9946064133506421</controlfield>
    <datafield tag="020" ind1=" " ind2=" ">
      <subfield code="a">1902638603</subfield>
    </datafield>
    <datafield tag="035" ind1=" " ind2=" ">
      <subfield code="a">(OCoLC)62224880</subfield>
    </datafield>
    <datafield tag="035" ind1=" " ind2=" ">
      <subfield code="a">(UkOxBHB)L6704757</subfield>
    </datafield>
    <datafield tag="035" ind1=" " ind2=" ">
      <subfield code="a">4606413</subfield>
    </datafield>
    <datafield tag="035" ind1=" " ind2=" ">
      <subfield code="a">(NjP)4606413-princetondb</subfield>
    </datafield>
    <datafield tag="040" ind1=" " ind2=" ">
      <subfield code="a">UkOxBHB</subfield>
      <subfield code="c">UkOxBHB</subfield>
      <subfield code="d">NjP</subfield>
    </datafield>
    <datafield tag="050" ind1=" " ind2="4">
      <subfield code="a">PR6118.E457</subfield>
      <subfield code="b">L42 2005</subfield>
    </datafield>
    <datafield tag="100" ind1="1" ind2=" ">
      <subfield code="a">Rees, Lynne.</subfield>
      <subfield code="0">http://id.loc.gov/authorities/names/no2005099874</subfield>
    </datafield>
    <datafield tag="245" ind1="1" ind2="0">
      <subfield code="a">Learning how to fall /</subfield>
      <subfield code="c">Lynne Rees.</subfield>
    </datafield>
    <datafield tag="260" ind1=" " ind2=" ">
      <subfield code="a">Cardigan [Wales] :</subfield>
      <subfield code="b">Parthian Books,</subfield>
      <subfield code="c">2005.</subfield>
    </datafield>
    <datafield tag="300" ind1=" " ind2=" ">
      <subfield code="a">70 p. ;</subfield>
      <subfield code="c">21 cm.</subfield>
    </datafield>
    <datafield tag="852" ind1="0" ind2=" ">
      <subfield code="b">firestone</subfield>
      <subfield code="c">stacks</subfield>
      <subfield code="h">PR6118.E457</subfield>
      <subfield code="i">L42 2005</subfield>
      <subfield code="8">22488685520006421</subfield>
    </datafield>
  </record>