
  <record>
    <leader>02700dam a22003374a 4500</leader>
    <controlfield tag="005">20200922114445.0</controlfield>
    <controlfield tag="008">050413s2005    ilua     b    001 0 eng  </controlfield>
    <controlfield tag="001">9946157733506421</controlfield>
    <datafield tag="010" ind1=" " ind2=" ">
      <subfield code="a">  2005010554</subfield>
    </datafield>
    <datafield tag="035" ind1=" " ind2=" ">
      <subfield code="a">(OCoLC)OCM59279978</subfield>
    </datafield>
    <datafield tag="035" ind1=" " ind2=" ">
      <subfield code="a">4615773</subfield>
    </datafield>
    <datafield tag="035" ind1=" " ind2=" ">
      <subfield code="a">(NjP)4615773-princetondb</subfield>
    </datafield>
    <datafield tag="040" ind1=" " ind2=" ">
      <subfield code="a">DNLM/DLC</subfield>
      <subfield code="c">DLC</subfield>
      <subfield code="d">YDX</subfield>
      <subfield code="d">NLM</subfield>
      <subfield code="d">UKM</subfield>
      <subfield code="d">BAKER</subfield>
      <subfield code="d">C#P</subfield>
    </datafield>
    <datafield tag="015" ind1=" " ind2=" ">
      <subfield code="a">GBA548574</subfield>
      <subfield code="2">bnb</subfield>
    </datafield>
    <datafield tag="016" ind1="7" ind2=" ">
      <subfield code="a">101245932</subfield>
      <subfield code="2">DNLM</subfield>
    </datafield>
    <datafield tag="016" ind1="7" ind2=" ">
      <subfield code="a">013215534</subfield>
      <subfield code="2">Uk</subfield>
    </datafield>
    <datafield tag="020" ind1=" " ind2=" ">
      <subfield code="a">073603711X (soft cover)</subfield>
    </datafield>
    <datafield tag="029" ind1="1" ind2=" ">
      <subfield code="a">NLM</subfield>
      <subfield code="b">101245932</subfield>
    </datafield>
    <datafield tag="042" ind1=" " ind2=" ">
      <subfield code="a">pcc</subfield>
    </datafield>
    <datafield tag="050" ind1="0" ind2="0">
      <subfield code="a">GV704</subfield>
      <subfield code="b">.S64 2005</subfield>
    </datafield>
    <datafield tag="060" ind1="1" ind2="0">
      <subfield code="a">QT 260</subfield>
      <subfield code="b">S76438 2005</subfield>
    </datafield>
    <datafield tag="082" ind1="0" ind2="0">
      <subfield code="a">796.01</subfield>
      <subfield code="2">22</subfield>
    </datafield>
    <datafield tag="245" ind1="0" ind2="0">
      <subfield code="a">Sport psychology in practice /</subfield>
      <subfield code="c">Mark B. Andersen, editor.</subfield>
    </datafield>
    <datafield tag="260" ind1=" " ind2=" ">
      <subfield code="a">Champaign, IL :</subfield>
      <subfield code="b">Human Kinetics,</subfield>
      <subfield code="c">c2005.</subfield>
    </datafield>
    <datafield tag="300" ind1=" " ind2=" ">
      <subfield code="a">xiii, 338 p. :</subfield>
      <subfield code="b">ill. ;</subfield>
      <subfield code="c">28 cm.</subfield>
    </datafield>
    <datafield tag="504" ind1=" " ind2=" ">
      <subfield code="a">Includes bibliographical references (p. 305-325) and index.</subfield>
    </datafield>
    <datafield tag="505" ind1="0" ind2=" ">
      <subfield code="a">The selling or the telling of sport psychology: presenting services to coaches / Harriet D. Speed, Mark B. Andersen, and Jeff Simons -- Integrating mind and body: presenting mental skills to young teams / Clay P. Sherman and Artur Poczwardowski -- But coach doesn't understand: dealing with team communication quagmires / Kevin L. Burke -- "I have a friend who-- ": group work on weight and body image / Mark B. Andersen and Kirsten Peterson -- The skin game: extra points for looking good / Mark B. Andersen and Helen J. Fawkner -- Returning to self: the anxieties of coming back after injury / Britton W. Brewer and Albert J. Petitpas -- On stage: mental skills training for dancers / Stephanie Hanrahan -- Facilitating change: alcohol and violence among athletes / Robert D. Stainback and Robert E. Taylor -- Over one's head: referral processes / Mark B. Andersen and Judy L. Van Raalte -- Touching taboos: sex and the sport psychologist / Mark B. Andersen -- Raising the bar: developing an understanding of athletes from racially, culturally, and ethnically diverse backgrounds / William D. Parham -- Able athletes with disabilities: issues and group work / Stephanie Hanrahan -- Straight guys working with gay guys: homophobia and sport psychology service delivery / Matthew P. Martens and Michael Mobley -- The elephant in the locker room: opening the dialogue about sexual orientation on women's sports teams / Heather Barber and Vikki Krane -- Coming full circle: from practice to research / Mark B. Andersen.</subfield>
    </datafield>
    <datafield tag="650" ind1=" " ind2="0">
      <subfield code="a">Sports</subfield>
      <subfield code="x">Psychological aspects.</subfield>
      <subfield code="0">http://id.loc.gov/authorities/subjects/sh85126899</subfield>
    </datafield>
    <datafield tag="700" ind1="1" ind2=" ">
      <subfield code="a">Andersen, Mark B.,</subfield>
      <subfield code="d">1951-</subfield>
      <subfield code="0">http://id.loc.gov/authorities/names/n00088610</subfield>
    </datafield>
    <datafield tag="856" ind1="4" ind2="1">
      <subfield code="3">Table of contents</subfield>
      <subfield code="u">http://www.loc.gov/catdir/toc/ecip0511/2005010554.html</subfield>
    </datafield>
    <datafield tag="852" ind1="0" ind2=" ">
      <subfield code="b">firestone</subfield>
      <subfield code="c">stacks</subfield>
      <subfield code="h">GV704</subfield>
      <subfield code="i">.S64 2005</subfield>
      <subfield code="8">22663865400006421</subfield>
    </datafield>
  </record>