
  <record>
    <leader>00960dam a2200277 a 4500</leader>
    <controlfield tag="005">20200922122440.0</controlfield>
    <controlfield tag="008">060125s2006    ncu      b    001 0 eng d</controlfield>
    <controlfield tag="001">9946462193506421</controlfield>
    <datafield tag="010" ind1=" " ind2=" ">
      <subfield code="a">  2005031112</subfield>
    </datafield>
    <datafield tag="035" ind1=" " ind2=" ">
      <subfield code="a">(OCoLC)ocm62865713</subfield>
    </datafield>
    <datafield tag="035" ind1=" " ind2=" ">
      <subfield code="a">(OrLoB)R8548380</subfield>
    </datafield>
    <datafield tag="035" ind1=" " ind2=" ">
      <subfield code="a">4646219</subfield>
    </datafield>
    <datafield tag="035" ind1=" " ind2=" ">
      <subfield code="a">(NjP)4646219-princetondb</subfield>
    </datafield>
    <datafield tag="040" ind1=" " ind2=" ">
      <subfield code="a">WIH</subfield>
      <subfield code="c">WIH</subfield>
      <subfield code="d">WIH</subfield>
    </datafield>
    <datafield tag="020" ind1=" " ind2=" ">
      <subfield code="a">0786423978</subfield>
    </datafield>
    <datafield tag="043" ind1=" " ind2=" ">
      <subfield code="a">n-us---</subfield>
    </datafield>
    <datafield tag="050" ind1=" " ind2="4">
      <subfield code="a">GV706.5</subfield>
      <subfield code="b">.H67 2006</subfield>
    </datafield>
    <datafield tag="245" ind1="0" ind2="0">
      <subfield code="a">Horsehide, pigskin, oval tracks and apple pie :</subfield>
      <subfield code="b">essays on sports and American culture /</subfield>
      <subfield code="c">edited by James A. Vlasich.</subfield>
    </datafield>
    <datafield tag="246" ind1="3" ind2="0">
      <subfield code="a">Essays on sports and American culture</subfield>
    </datafield>
    <datafield tag="260" ind1=" " ind2=" ">
      <subfield code="a">Jefferson, N.C. :</subfield>
      <subfield code="b">McFarland &amp; Co.,</subfield>
      <subfield code="c">c2006.</subfield>
    </datafield>
    <datafield tag="300" ind1=" " ind2=" ">
      <subfield code="a">ix, 226 p. ;</subfield>
      <subfield code="c">23 cm.</subfield>
    </datafield>
    <datafield tag="504" ind1=" " ind2=" ">
      <subfield code="a">Includes bibliographical references and index.</subfield>
    </datafield>
    <datafield tag="650" ind1=" " ind2="0">
      <subfield code="a">Sports</subfield>
      <subfield code="z">United States</subfield>
      <subfield code="x">Sociological aspects.</subfield>
    </datafield>
    <datafield tag="700" ind1="1" ind2=" ">
      <subfield code="a">Vlasich, James A.</subfield>
      <subfield code="0">http://id.loc.gov/authorities/names/n82046505</subfield>
    </datafield>
    <datafield tag="852" ind1="0" ind2=" ">
      <subfield code="b">firestone</subfield>
      <subfield code="c">stacks</subfield>
      <subfield code="h">GV706.5</subfield>
      <subfield code="i">.H67 2006</subfield>
      <subfield code="8">22496797050006421</subfield>
    </datafield>
  </record>