
  <record>
    <leader>00771dam a22002298a 4500</leader>
    <controlfield tag="005">20200922153033.0</controlfield>
    <controlfield tag="008">050715s2005    onc           000 f eng  </controlfield>
    <controlfield tag="001">9946854923506421</controlfield>
    <datafield tag="035" ind1=" " ind2=" ">
      <subfield code="a">(OCoLC)ocm61128014</subfield>
    </datafield>
    <datafield tag="035" ind1=" " ind2=" ">
      <subfield code="a">4685492</subfield>
    </datafield>
    <datafield tag="035" ind1=" " ind2=" ">
      <subfield code="a">(NjP)4685492-princetondb</subfield>
    </datafield>
    <datafield tag="040" ind1=" " ind2=" ">
      <subfield code="a">NLC</subfield>
      <subfield code="b">eng</subfield>
      <subfield code="c">NLC</subfield>
      <subfield code="d">BAKER</subfield>
      <subfield code="d">NjP</subfield>
    </datafield>
    <datafield tag="016" ind1=" " ind2=" ">
      <subfield code="a">20059045256</subfield>
    </datafield>
    <datafield tag="020" ind1=" " ind2=" ">
      <subfield code="a">0888873018</subfield>
    </datafield>
    <datafield tag="050" ind1=" " ind2="4">
      <subfield code="a">PR9199.4.E74</subfield>
      <subfield code="b">J38 2005</subfield>
    </datafield>
    <datafield tag="055" ind1=" " ind2="3">
      <subfield code="a">PS8559 R53</subfield>
      <subfield code="b">J38 2005</subfield>
    </datafield>
    <datafield tag="100" ind1="1" ind2=" ">
      <subfield code="a">Erian, Soraya,</subfield>
      <subfield code="d">1936-</subfield>
      <subfield code="0">http://id.loc.gov/authorities/names/n86813260</subfield>
    </datafield>
    <datafield tag="245" ind1="1" ind2="4">
      <subfield code="a">The jasmine garden :</subfield>
      <subfield code="b">a novel /</subfield>
      <subfield code="c">by Soraya Erian.</subfield>
    </datafield>
    <datafield tag="260" ind1=" " ind2=" ">
      <subfield code="a">Ottawa, Canada :</subfield>
      <subfield code="b">Borealis Press,</subfield>
      <subfield code="c">2005.</subfield>
    </datafield>
    <datafield tag="300" ind1=" " ind2=" ">
      <subfield code="a">328 p. ;</subfield>
      <subfield code="c">23 cm.</subfield>
    </datafield>
    <datafield tag="655" ind1=" " ind2="7">
      <subfield code="a">Novels.</subfield>
      <subfield code="2">lcgft</subfield>
      <subfield code="0">http://id.loc.gov/authorities/genreForms/gf2015026020</subfield>
    </datafield>
    <datafield tag="852" ind1="0" ind2=" ">
      <subfield code="b">firestone</subfield>
      <subfield code="c">stacks</subfield>
      <subfield code="h">PR9199.4.E74</subfield>
      <subfield code="i">J38 2005</subfield>
      <subfield code="8">22718463310006421</subfield>
    </datafield>
  </record>