
  <record>
    <leader>00654dam a2200205 a 4500</leader>
    <controlfield tag="005">20200922153247.0</controlfield>
    <controlfield tag="008">060315s2006    enk           000 0 eng d</controlfield>
    <controlfield tag="001">9946873373506421</controlfield>
    <datafield tag="020" ind1=" " ind2=" ">
      <subfield code="a">1905024053</subfield>
    </datafield>
    <datafield tag="035" ind1=" " ind2=" ">
      <subfield code="a">(OCoLC)66529823</subfield>
    </datafield>
    <datafield tag="035" ind1=" " ind2=" ">
      <subfield code="a">(UkOxBHB)L0717948</subfield>
    </datafield>
    <datafield tag="035" ind1=" " ind2=" ">
      <subfield code="a">4687337</subfield>
    </datafield>
    <datafield tag="035" ind1=" " ind2=" ">
      <subfield code="a">(NjP)4687337-princetondb</subfield>
    </datafield>
    <datafield tag="040" ind1=" " ind2=" ">
      <subfield code="a">UkOxBHB</subfield>
      <subfield code="c">UkOxBHB</subfield>
    </datafield>
    <datafield tag="050" ind1=" " ind2="4">
      <subfield code="a">PR6069.H4552</subfield>
      <subfield code="b">H95 2006</subfield>
    </datafield>
    <datafield tag="100" ind1="1" ind2=" ">
      <subfield code="a">Sheppard, Robert,</subfield>
      <subfield code="d">1955-</subfield>
      <subfield code="0">http://id.loc.gov/authorities/names/n86015669</subfield>
    </datafield>
    <datafield tag="245" ind1="1" ind2="0">
      <subfield code="a">Hymns to the god in which my typewriter believes /</subfield>
      <subfield code="c">Robert Sheppard.</subfield>
    </datafield>
    <datafield tag="260" ind1=" " ind2=" ">
      <subfield code="a">Exeter, Devon :</subfield>
      <subfield code="b">Stride,</subfield>
      <subfield code="c">2006.</subfield>
    </datafield>
    <datafield tag="300" ind1=" " ind2=" ">
      <subfield code="a">93 p. ;</subfield>
      <subfield code="c">18 cm.</subfield>
    </datafield>
    <datafield tag="852" ind1="0" ind2=" ">
      <subfield code="b">firestone</subfield>
      <subfield code="c">stacks</subfield>
      <subfield code="h">PR6069.H4552</subfield>
      <subfield code="i">H95 2006</subfield>
      <subfield code="8">22483070370006421</subfield>
    </datafield>
  </record>