
  <record>
    <leader>00791dam a2200253 a 4500</leader>
    <controlfield tag="005">20200922160314.0</controlfield>
    <controlfield tag="008">050909r20062005flu           000 0 eng  </controlfield>
    <controlfield tag="001">9947742743506421</controlfield>
    <datafield tag="010" ind1=" " ind2=" ">
      <subfield code="a">  2005026176</subfield>
    </datafield>
    <datafield tag="020" ind1=" " ind2=" ">
      <subfield code="a">015603199X</subfield>
    </datafield>
    <datafield tag="035" ind1=" " ind2=" ">
      <subfield code="a">(OCoLC)61651602</subfield>
    </datafield>
    <datafield tag="035" ind1=" " ind2=" ">
      <subfield code="a">(DLC) 2005026176</subfield>
    </datafield>
    <datafield tag="035" ind1=" " ind2=" ">
      <subfield code="a">4774274</subfield>
    </datafield>
    <datafield tag="035" ind1=" " ind2=" ">
      <subfield code="a">(NjP)4774274-princetondb</subfield>
    </datafield>
    <datafield tag="040" ind1=" " ind2=" ">
      <subfield code="a">DLC</subfield>
      <subfield code="c">DLC</subfield>
      <subfield code="d">DLC</subfield>
    </datafield>
    <datafield tag="050" ind1="0" ind2="0">
      <subfield code="a">PR6068.O1925</subfield>
      <subfield code="b">S95 2006</subfield>
    </datafield>
    <datafield tag="082" ind1="0" ind2="0">
      <subfield code="a">821/.914</subfield>
      <subfield code="2">22</subfield>
    </datafield>
    <datafield tag="100" ind1="1" ind2=" ">
      <subfield code="a">Robertson, Robin,</subfield>
      <subfield code="d">1955-</subfield>
      <subfield code="0">http://id.loc.gov/authorities/names/nr97024217</subfield>
    </datafield>
    <datafield tag="245" ind1="1" ind2="0">
      <subfield code="a">Swithering /</subfield>
      <subfield code="c">Robin Robertson.</subfield>
    </datafield>
    <datafield tag="250" ind1=" " ind2=" ">
      <subfield code="a">1st U.S. ed.</subfield>
    </datafield>
    <datafield tag="260" ind1=" " ind2=" ">
      <subfield code="a">Orlando :</subfield>
      <subfield code="b">Harcourt, Inc.,</subfield>
      <subfield code="c">2006.</subfield>
    </datafield>
    <datafield tag="300" ind1=" " ind2=" ">
      <subfield code="a">85 p. ;</subfield>
      <subfield code="c">21 cm.</subfield>
    </datafield>
    <datafield tag="500" ind1=" " ind2=" ">
      <subfield code="a">"A Harvest original."</subfield>
    </datafield>
    <datafield tag="856" ind1="4" ind2="1">
      <subfield code="3">Table of contents</subfield>
      <subfield code="u">http://www.loc.gov/catdir/toc/ecip0519/2005026176.html</subfield>
    </datafield>
    <datafield tag="852" ind1="0" ind2=" ">
      <subfield code="b">firestone</subfield>
      <subfield code="c">stacks</subfield>
      <subfield code="h">PR6068.O1925</subfield>
      <subfield code="i">S95 2006</subfield>
      <subfield code="8">22683182320006421</subfield>
    </datafield>
  </record>