
  <record>
    <leader>01840dta a2200313Ia 4500</leader>
    <controlfield tag="005">20200922161815.0</controlfield>
    <controlfield tag="008">060629q19001987xx            000 0 ara d</controlfield>
    <controlfield tag="001">9947906663506421</controlfield>
    <datafield tag="035" ind1=" " ind2=" ">
      <subfield code="a">(OCoLC)ocm70214396</subfield>
    </datafield>
    <datafield tag="035" ind1=" " ind2=" ">
      <subfield code="a">4790666</subfield>
    </datafield>
    <datafield tag="035" ind1=" " ind2=" ">
      <subfield code="a">(NjP)4790666-princetondb</subfield>
    </datafield>
    <datafield tag="040" ind1=" " ind2=" ">
      <subfield code="a">PUL</subfield>
      <subfield code="c">PUL</subfield>
      <subfield code="e">amremm</subfield>
    </datafield>
    <datafield tag="043" ind1=" " ind2=" ">
      <subfield code="a">n-us-nj</subfield>
    </datafield>
    <datafield tag="049" ind1=" " ind2=" ">
      <subfield code="a">PULL</subfield>
    </datafield>
    <datafield tag="100" ind1="0" ind2=" ">
      <subfield code="6">880-01</subfield>
      <subfield code="a">Muḥammad Saʻd Allāh,</subfield>
      <subfield code="c">al-Muftī</subfield>
      <subfield code="0">http://id.loc.gov/authorities/names/nr90017088</subfield>
    </datafield>
    <datafield tag="245" ind1="1" ind2="3">
      <subfield code="6">880-02</subfield>
      <subfield code="a">al-Maqālah al-ʻUjālah fī al-qaws wa-al-hālah.</subfield>
    </datafield>
    <datafield tag="260" ind1=" " ind2=" ">
      <subfield code="c">[19--?]</subfield>
    </datafield>
    <datafield tag="500" ind1=" " ind2=" ">
      <subfield code="a">Ms. component part.</subfield>
    </datafield>
    <datafield tag="500" ind1=" " ind2=" ">
      <subfield code="a">Title from beginning of text (fol. 357a).</subfield>
    </datafield>
    <datafield tag="520" ind1="8" ind2=" ">
      <subfield code="a">Treatise on rainbow and halo. Published in 1871.</subfield>
    </datafield>
    <datafield tag="510" ind1="4" ind2=" ">
      <subfield code="a">Mach, R. and E. Ormsby. Handlist (New Series),</subfield>
      <subfield code="c">664</subfield>
    </datafield>
    <datafield tag="650" ind1=" " ind2="0">
      <subfield code="a">Rainbows</subfield>
      <subfield code="v">Early works to 1800.</subfield>
    </datafield>
    <datafield tag="650" ind1=" " ind2="0">
      <subfield code="a">Manuscripts, Arabic</subfield>
      <subfield code="z">New Jersey</subfield>
      <subfield code="z">Princeton.</subfield>
    </datafield>
    <datafield tag="773" ind1="0" ind2=" ">
      <subfield code="7">nntm</subfield>
      <subfield code="a">Iṣfahānī, Muḥammad Ismāʻīl ibn al-Sumayʻ</subfield>
      <subfield code="t">Sharḥ al-ʻarshīyah ... [etc.],</subfield>
      <subfield code="g">fol. 357a-361a.</subfield>
      <subfield code="w">9947906563506421</subfield>
    </datafield>
    <datafield tag="856" ind1="4" ind2="1">
      <subfield code="u">http://arks.princeton.edu/ark:/88435/1544bp165</subfield>
    </datafield>
    <datafield tag="880" ind1="1" ind2=" ">
      <subfield code="6">100-01/r</subfield>
      <subfield code="a">محمد سعد الله،</subfield>
      <subfield code="c">المفتي</subfield>
    </datafield>
    <datafield tag="880" ind1="1" ind2="2">
      <subfield code="6">245-02/r</subfield>
      <subfield code="a">المقالة العجالة في القوس والهالة</subfield>
    </datafield>
    <datafield tag="880" ind1=" " ind2=" ">
      <subfield code="6">500-00/r</subfield>
      <subfield code="a">Incipit: بسم ... تبارك الذى جعل السماء ذات قوس وبروج ... وبعد يقول ... ابو محمد المدعو بسعد الله ان هذه المقالة العجالة فى القوس والهالة حررتها بحيث يتضح به</subfield>
    </datafield>
    <datafield tag="880" ind1=" " ind2=" ">
      <subfield code="6">500-00/r</subfield>
      <subfield code="a">Explicit: اصغر قطعا فلما قربنا من السحاب وكنا نخوض فيه اضمحل ولم يتخيل بعد هذا ما ... عنه عوائق الريان وطرائق الحدثان فالحمد له الموفق المنان والصلوة على سيد الاكوان؟ واصحابه</subfield>
    </datafield>
    <datafield tag="852" ind1="8" ind2=" ">
      <subfield code="b">rare</subfield>
      <subfield code="c">hsvm</subfield>
      <subfield code="h">Islamic Manuscripts, New Series no. 34</subfield>
      <subfield code="8">22526664410006421</subfield>
    </datafield>
  </record>