
  <record>
    <leader>02618dta a2200373Ia 4500</leader>
    <controlfield tag="005">20200922161815.0</controlfield>
    <controlfield tag="008">060629q19001987xx            000 0 ara d</controlfield>
    <controlfield tag="001">9947906673506421</controlfield>
    <datafield tag="035" ind1=" " ind2=" ">
      <subfield code="a">(OCoLC)ocm70214398</subfield>
    </datafield>
    <datafield tag="035" ind1=" " ind2=" ">
      <subfield code="a">4790667</subfield>
    </datafield>
    <datafield tag="035" ind1=" " ind2=" ">
      <subfield code="a">(NjP)4790667-princetondb</subfield>
    </datafield>
    <datafield tag="040" ind1=" " ind2=" ">
      <subfield code="a">PUL</subfield>
      <subfield code="c">PUL</subfield>
      <subfield code="e">amremm</subfield>
    </datafield>
    <datafield tag="043" ind1=" " ind2=" ">
      <subfield code="a">n-us-nj</subfield>
    </datafield>
    <datafield tag="049" ind1=" " ind2=" ">
      <subfield code="a">PULL</subfield>
    </datafield>
    <datafield tag="100" ind1="1" ind2=" ">
      <subfield code="6">880-01</subfield>
      <subfield code="a">Ṣadr al-Dīn Shīrāzī, Muḥammad ibn Ibrāhīm,</subfield>
      <subfield code="d">-1641.</subfield>
      <subfield code="0">http://id.loc.gov/authorities/names/n81035993</subfield>
    </datafield>
    <datafield tag="245" ind1="1" ind2="0">
      <subfield code="6">880-02</subfield>
      <subfield code="a">Sharḥ Ḥikmat al-ishrāq /</subfield>
      <subfield code="c">Mullā Ṣadrā.</subfield>
    </datafield>
    <datafield tag="246" ind1="1" ind2=" ">
      <subfield code="6">880-03</subfield>
      <subfield code="a">Ḥāshīyah li-Sharḥ Ḥikmat al-ishrāq</subfield>
    </datafield>
    <datafield tag="260" ind1=" " ind2=" ">
      <subfield code="c">[19--?]</subfield>
    </datafield>
    <datafield tag="500" ind1=" " ind2=" ">
      <subfield code="a">Ms. component part.</subfield>
    </datafield>
    <datafield tag="500" ind1=" " ind2=" ">
      <subfield code="a">Title from inscription on the upper margin on the first page (fol. 95b).</subfield>
    </datafield>
    <datafield tag="520" ind1="8" ind2=" ">
      <subfield code="a">Commentary on Quṭb al-Dīn al-Shīrāzī's commentary on Ḥikmat al-ishrāq by Suhrawardī (d. 1191).</subfield>
    </datafield>
    <datafield tag="510" ind1="4" ind2=" ">
      <subfield code="a">Mach, R. and E. Ormsby. Handlist (New Series),</subfield>
      <subfield code="c">312</subfield>
    </datafield>
    <datafield tag="600" ind1="1" ind2="0">
      <subfield code="a">Suhrawardī, Yaḥyá ibn Ḥabash,</subfield>
      <subfield code="d">1152 or 1153-1191.</subfield>
      <subfield code="t">Ḥikmat al-ishrāq.</subfield>
      <subfield code="0">http://id.loc.gov/authorities/names/n79121464</subfield>
    </datafield>
    <datafield tag="600" ind1="1" ind2="0">
      <subfield code="a">Quṭb al-Shīrāzī, Maḥmūd ibn Masʻūd,</subfield>
      <subfield code="d">1236 or 1237-1310 or 1311.</subfield>
      <subfield code="t">Sharḥ Ḥkmat al-ishrāq.</subfield>
    </datafield>
    <datafield tag="650" ind1=" " ind2="0">
      <subfield code="a">Ishrāqīyah.</subfield>
      <subfield code="0">http://id.loc.gov/authorities/subjects/sh90000334</subfield>
    </datafield>
    <datafield tag="650" ind1=" " ind2="0">
      <subfield code="a">Islamic philosophy</subfield>
      <subfield code="z">Iran</subfield>
      <subfield code="y">17th century.</subfield>
    </datafield>
    <datafield tag="650" ind1=" " ind2="0">
      <subfield code="a">Manuscripts, Arabic</subfield>
      <subfield code="z">New Jersey</subfield>
      <subfield code="z">Princeton.</subfield>
    </datafield>
    <datafield tag="773" ind1="0" ind2=" ">
      <subfield code="7">nntm</subfield>
      <subfield code="a">Iṣfahānī, Muḥammad Ismāʻīl ibn al-Sumayʻ</subfield>
      <subfield code="t">Sharḥ al-ʻarshīyah ... [etc.],</subfield>
      <subfield code="g">fol. 95b-356b.</subfield>
      <subfield code="w">9947906563506421</subfield>
    </datafield>
    <datafield tag="856" ind1="4" ind2="1">
      <subfield code="u">http://arks.princeton.edu/ark:/88435/1544bp165</subfield>
    </datafield>
    <datafield tag="880" ind1="1" ind2=" ">
      <subfield code="6">100-01/r</subfield>
      <subfield code="a">صدر الدين شيرازي، محمد بن ابراهيم</subfield>
    </datafield>
    <datafield tag="880" ind1="1" ind2="0">
      <subfield code="6">245-02/r</subfield>
      <subfield code="a">شرح حكمة الاشراق /</subfield>
      <subfield code="c">ملا صدرا</subfield>
    </datafield>
    <datafield tag="880" ind1="1" ind2=" ">
      <subfield code="6">246-03/r</subfield>
      <subfield code="a">حاشية لشرح حكمة الاشراق</subfield>
    </datafield>
    <datafield tag="880" ind1=" " ind2=" ">
      <subfield code="6">500-00/r</subfield>
      <subfield code="a">Incipit: بسم ... الحمد لله الذى انار بوجوب وجوده الممكنات واشرق بضوء ذاته صفائح ... اما بعد فيقول العبد الملتجئ الى باب نعمة الله ... المعروف بالصدر الشيرازى لما كان افضل نعم الله واشرف اطايته التى اتاها من لدنه عبدا من عباده</subfield>
    </datafield>
    <datafield tag="880" ind1=" " ind2=" ">
      <subfield code="6">500-00/r</subfield>
      <subfield code="a">Explicit: فعلمت ما فى السموات وما فى الارض ثم تلى هذه الاية وكك نرى ابراهيم ملكوت السموات والارض وليكون من ... او على طريق الذوق كمن يشاهد انواع من الاطعمة فاذا ذاق منها واكل اطلع على طمعها</subfield>
    </datafield>
    <datafield tag="852" ind1="8" ind2=" ">
      <subfield code="b">rare</subfield>
      <subfield code="c">hsvm</subfield>
      <subfield code="h">Islamic Manuscripts, New Series no. 34</subfield>
      <subfield code="8">22526643740006421</subfield>
    </datafield>
  </record>