
  <record>
    <leader>01085dam a2200301 i 4500</leader>
    <controlfield tag="005">20191025104012.0</controlfield>
    <controlfield tag="008">810317s1979    enka          001 0 eng  </controlfield>
    <controlfield tag="001">99438623506421</controlfield>
    <datafield tag="010" ind1=" " ind2=" ">
      <subfield code="a">   80497745  </subfield>
    </datafield>
    <datafield tag="015" ind1=" " ind2=" ">
      <subfield code="a">GB***</subfield>
    </datafield>
    <datafield tag="020" ind1=" " ind2=" ">
      <subfield code="a">0950063878 :</subfield>
      <subfield code="c">£5.50</subfield>
    </datafield>
    <datafield tag="035" ind1=" " ind2=" ">
      <subfield code="a">(OCoLC)6918891</subfield>
    </datafield>
    <datafield tag="035" ind1=" " ind2=" ">
      <subfield code="a">(CStRLIN)NJPG22438505-B</subfield>
    </datafield>
    <datafield tag="035" ind1=" " ind2=" ">
      <subfield code="9">AAK8299TS</subfield>
    </datafield>
    <datafield tag="035" ind1=" " ind2=" ">
      <subfield code="a">(NjP)43862-princetondb</subfield>
    </datafield>
    <datafield tag="040" ind1=" " ind2=" ">
      <subfield code="b">eng</subfield>
      <subfield code="d">NjP</subfield>
    </datafield>
    <datafield tag="043" ind1=" " ind2=" ">
      <subfield code="a">e-uk-en</subfield>
    </datafield>
    <datafield tag="050" ind1="0" ind2=" ">
      <subfield code="a">GV799</subfield>
      <subfield code="b">.B87</subfield>
    </datafield>
    <datafield tag="082" ind1="0" ind2=" ">
      <subfield code="a">797.1/4</subfield>
      <subfield code="a">219</subfield>
    </datafield>
    <datafield tag="100" ind1="1" ind2=" ">
      <subfield code="a">Burnell, Richard D.</subfield>
    </datafield>
    <datafield tag="245" ind1="1" ind2="0">
      <subfield code="a">One hundred and fifty years of the Oxford and Cambridge boat race :</subfield>
      <subfield code="b">an official history /</subfield>
      <subfield code="c">by Richard Burnell.</subfield>
    </datafield>
    <datafield tag="260" ind1=" " ind2=" ">
      <subfield code="a">Marlow [Eng.] :</subfield>
      <subfield code="b">Precision Press,</subfield>
      <subfield code="c">1979.</subfield>
    </datafield>
    <datafield tag="300" ind1=" " ind2=" ">
      <subfield code="a">111 p. :</subfield>
      <subfield code="b">ill. ;</subfield>
      <subfield code="c">26 cm.</subfield>
    </datafield>
    <datafield tag="500" ind1=" " ind2=" ">
      <subfield code="a">Includes index.</subfield>
    </datafield>
    <datafield tag="500" ind1=" " ind2=" ">
      <subfield code="a">"The anniversary supplement, ... : an official history," by R. Burnell, published as suppl. (16 p.) and inserted at end. Includes errata and addenda.</subfield>
    </datafield>
    <datafield tag="611" ind1="2" ind2="0">
      <subfield code="a">Oxford and Cambridge Boat Race, England</subfield>
      <subfield code="x">History.</subfield>
    </datafield>
    <datafield tag="852" ind1="0" ind2="0">
      <subfield code="b">firestone</subfield>
      <subfield code="c">stacks</subfield>
      <subfield code="h">GV799</subfield>
      <subfield code="i">.B87</subfield>
      <subfield code="8">22647632270006421</subfield>
    </datafield>
  </record>