
  <record>
    <leader>01257dam a2200361 i 4500</leader>
    <controlfield tag="005">20200728154653.0</controlfield>
    <controlfield tag="008">810806s1979    at a     b    001 0 eng  </controlfield>
    <controlfield tag="001">99563823506421</controlfield>
    <datafield tag="010" ind1=" " ind2=" ">
      <subfield code="a">   80487478 </subfield>
    </datafield>
    <datafield tag="015" ind1=" " ind2=" ">
      <subfield code="a">Aus***</subfield>
    </datafield>
    <datafield tag="020" ind1=" " ind2=" ">
      <subfield code="a">0702213985</subfield>
    </datafield>
    <datafield tag="020" ind1=" " ind2=" ">
      <subfield code="a">0702214876 (pbk.)</subfield>
    </datafield>
    <datafield tag="035" ind1=" " ind2=" ">
      <subfield code="a">(OCoLC)6626398</subfield>
    </datafield>
    <datafield tag="035" ind1=" " ind2=" ">
      <subfield code="a">(CStRLIN)NJPG26093618-B</subfield>
    </datafield>
    <datafield tag="035" ind1=" " ind2=" ">
      <subfield code="9">AAM0918TS</subfield>
    </datafield>
    <datafield tag="035" ind1=" " ind2=" ">
      <subfield code="a">56382</subfield>
    </datafield>
    <datafield tag="035" ind1=" " ind2=" ">
      <subfield code="a">(NjP)56382-princetondb</subfield>
    </datafield>
    <datafield tag="040" ind1=" " ind2=" ">
      <subfield code="b">eng</subfield>
      <subfield code="d">CStRLIN</subfield>
    </datafield>
    <datafield tag="043" ind1=" " ind2=" ">
      <subfield code="a">u-at---</subfield>
      <subfield code="a">u-nz---</subfield>
    </datafield>
    <datafield tag="050" ind1="0" ind2=" ">
      <subfield code="a">GV840.S8</subfield>
      <subfield code="b">P37</subfield>
    </datafield>
    <datafield tag="082" ind1="0" ind2=" ">
      <subfield code="a">797.1/72</subfield>
      <subfield code="2">19</subfield>
    </datafield>
    <datafield tag="100" ind1="1" ind2=" ">
      <subfield code="a">Pearson, Kent,</subfield>
      <subfield code="d">1943-</subfield>
      <subfield code="0">http://id.loc.gov/authorities/names/n80063756</subfield>
    </datafield>
    <datafield tag="245" ind1="1" ind2="0">
      <subfield code="a">Surfing subcultures of Australia and New Zealand /</subfield>
      <subfield code="c">Kent Pearson.</subfield>
    </datafield>
    <datafield tag="260" ind1=" " ind2=" ">
      <subfield code="a">St. Lucia [Australia] :</subfield>
      <subfield code="b">University of Queensland Press ;</subfield>
      <subfield code="a">Hemel Hempstead, Eng. :</subfield>
      <subfield code="b">distributed by Prentice-Hall International,</subfield>
      <subfield code="c">c1979.</subfield>
    </datafield>
    <datafield tag="300" ind1=" " ind2=" ">
      <subfield code="a">xvii, 213 p. :</subfield>
      <subfield code="b">ill. ;</subfield>
      <subfield code="c">23 cm.</subfield>
    </datafield>
    <datafield tag="500" ind1=" " ind2=" ">
      <subfield code="a">Includes index.</subfield>
    </datafield>
    <datafield tag="504" ind1=" " ind2=" ">
      <subfield code="a">Bibliography: p. [201]-208.</subfield>
    </datafield>
    <datafield tag="650" ind1=" " ind2="0">
      <subfield code="a">Surfing</subfield>
      <subfield code="x">Social aspects.</subfield>
    </datafield>
    <datafield tag="650" ind1=" " ind2="0">
      <subfield code="a">Subculture.</subfield>
      <subfield code="0">http://id.loc.gov/authorities/subjects/sh85129417</subfield>
    </datafield>
    <datafield tag="650" ind1=" " ind2="0">
      <subfield code="a">Surfing</subfield>
      <subfield code="z">Australia.</subfield>
    </datafield>
    <datafield tag="650" ind1=" " ind2="0">
      <subfield code="a">Surfing</subfield>
      <subfield code="z">New Zealand.</subfield>
    </datafield>
    <datafield tag="852" ind1="0" ind2="0">
      <subfield code="b">firestone</subfield>
      <subfield code="c">stacks</subfield>
      <subfield code="h">GV840.S8</subfield>
      <subfield code="i">P37</subfield>
      <subfield code="8">22491008240006421</subfield>
    </datafield>
  </record>