
  <record>
    <leader>00841dam a2200241   4500</leader>
    <controlfield tag="005">20200728172949.0</controlfield>
    <controlfield tag="008">820928s1963    at a          000 0beng d</controlfield>
    <controlfield tag="001">99916983506421</controlfield>
    <datafield tag="035" ind1=" " ind2=" ">
      <subfield code="a">(OCoLC)3607285</subfield>
    </datafield>
    <datafield tag="035" ind1=" " ind2=" ">
      <subfield code="a">(CStRLIN)NJPG82-B33956</subfield>
    </datafield>
    <datafield tag="035" ind1=" " ind2=" ">
      <subfield code="9">AAQ6342TS</subfield>
    </datafield>
    <datafield tag="035" ind1=" " ind2=" ">
      <subfield code="a">91698</subfield>
    </datafield>
    <datafield tag="035" ind1=" " ind2=" ">
      <subfield code="a">(NjP)91698-princetondb</subfield>
    </datafield>
    <datafield tag="040" ind1=" " ind2=" ">
      <subfield code="a">NN</subfield>
      <subfield code="b">eng</subfield>
      <subfield code="c">NN</subfield>
      <subfield code="d">NjP</subfield>
    </datafield>
    <datafield tag="100" ind1="1" ind2=" ">
      <subfield code="a">Franklin, Miles,</subfield>
      <subfield code="d">1879-1954.</subfield>
      <subfield code="0">http://id.loc.gov/authorities/names/n50037217</subfield>
    </datafield>
    <datafield tag="245" ind1="1" ind2="0">
      <subfield code="a">Childhood at Brindabella;</subfield>
      <subfield code="b">my first ten years.</subfield>
    </datafield>
    <datafield tag="260" ind1=" " ind2=" ">
      <subfield code="a">[Sydney]</subfield>
      <subfield code="b">Angus and Robertson</subfield>
      <subfield code="c">[1963]</subfield>
    </datafield>
    <datafield tag="300" ind1=" " ind2=" ">
      <subfield code="a">xiv, 162 p. 7 leaves of plate :</subfield>
      <subfield code="b">ill. ;</subfield>
      <subfield code="c">20 cm.</subfield>
    </datafield>
    <datafield tag="600" ind1="1" ind2="0">
      <subfield code="a">Franklin, Miles,</subfield>
      <subfield code="d">1879-1954</subfield>
      <subfield code="x">Biography</subfield>
      <subfield code="x">Youth.</subfield>
    </datafield>
    <datafield tag="650" ind1=" " ind2="0">
      <subfield code="a">Novelists, Autralian</subfield>
      <subfield code="y">20th century</subfield>
      <subfield code="x">Biography.</subfield>
    </datafield>
    <datafield tag="852" ind1="0" ind2="0">
      <subfield code="b">firestone</subfield>
      <subfield code="c">stacks</subfield>
      <subfield code="h">PR9619.3.F68</subfield>
      <subfield code="i">Z52</subfield>
      <subfield code="8">22665618390006421</subfield>
    </datafield>
  </record>