
  <record>
    <leader>01311dam a2200349 a 4500</leader>
    <controlfield tag="005">20200728190406.0</controlfield>
    <controlfield tag="008">821123s1981    enka     b    001 0beng  </controlfield>
    <controlfield tag="001">991074963506421</controlfield>
    <datafield tag="010" ind1=" " ind2=" ">
      <subfield code="a">   82123206 </subfield>
    </datafield>
    <datafield tag="020" ind1=" " ind2=" ">
      <subfield code="a">0207145369</subfield>
    </datafield>
    <datafield tag="035" ind1=" " ind2=" ">
      <subfield code="a">(OCoLC)8667417</subfield>
    </datafield>
    <datafield tag="035" ind1=" " ind2=" ">
      <subfield code="a">(CStRLIN)NJPG82-B49285</subfield>
    </datafield>
    <datafield tag="035" ind1=" " ind2=" ">
      <subfield code="9">AAS2184TS</subfield>
    </datafield>
    <datafield tag="035" ind1=" " ind2=" ">
      <subfield code="a">107496</subfield>
    </datafield>
    <datafield tag="035" ind1=" " ind2=" ">
      <subfield code="a">(NjP)107496-princetondb</subfield>
    </datafield>
    <datafield tag="039" ind1="0" ind2=" ">
      <subfield code="a">2</subfield>
      <subfield code="b">3</subfield>
      <subfield code="c">3</subfield>
      <subfield code="d">3</subfield>
      <subfield code="e">3</subfield>
    </datafield>
    <datafield tag="050" ind1="0" ind2=" ">
      <subfield code="a">PR9619.3.F68</subfield>
      <subfield code="b">Z6 1981</subfield>
    </datafield>
    <datafield tag="082" ind1="0" ind2=" ">
      <subfield code="a">823</subfield>
      <subfield code="a">B</subfield>
      <subfield code="2">19</subfield>
    </datafield>
    <datafield tag="100" ind1="1" ind2=" ">
      <subfield code="a">Coleman, Verna.</subfield>
      <subfield code="0">http://id.loc.gov/authorities/names/n82121212</subfield>
    </datafield>
    <datafield tag="245" ind1="1" ind2="0">
      <subfield code="a">Miles Franklin in America :</subfield>
      <subfield code="b">her unknown (brilliant) career /</subfield>
      <subfield code="c">Verna Coleman.</subfield>
    </datafield>
    <datafield tag="260" ind1=" " ind2=" ">
      <subfield code="a">London :</subfield>
      <subfield code="b">Angus &amp; Robertson,</subfield>
      <subfield code="c">1981.</subfield>
    </datafield>
    <datafield tag="300" ind1=" " ind2=" ">
      <subfield code="a">x, 219 p. :</subfield>
      <subfield code="b">ill. ;</subfield>
      <subfield code="c">24 cm.</subfield>
    </datafield>
    <datafield tag="500" ind1=" " ind2=" ">
      <subfield code="a">Spine title: Her unknown (brilliant) career.</subfield>
    </datafield>
    <datafield tag="500" ind1=" " ind2=" ">
      <subfield code="a">"A Sirius book."</subfield>
    </datafield>
    <datafield tag="504" ind1=" " ind2=" ">
      <subfield code="a">Bibliography: p. [211]-214.</subfield>
    </datafield>
    <datafield tag="500" ind1=" " ind2=" ">
      <subfield code="a">Includes index.</subfield>
    </datafield>
    <datafield tag="600" ind1="1" ind2="0">
      <subfield code="a">Franklin, Miles,</subfield>
      <subfield code="d">1879-1954</subfield>
      <subfield code="x">Biography.</subfield>
    </datafield>
    <datafield tag="650" ind1=" " ind2="0">
      <subfield code="a">Novelists, Australian</subfield>
      <subfield code="y">20th century</subfield>
      <subfield code="v">Biography.</subfield>
      <subfield code="0">http://id.loc.gov/authorities/subjects/sh2008108461</subfield>
    </datafield>
    <datafield tag="650" ind1=" " ind2="0">
      <subfield code="a">Social reformers</subfield>
      <subfield code="z">United States</subfield>
      <subfield code="v">Biography.</subfield>
      <subfield code="0">http://id.loc.gov/authorities/subjects/sh2010113280</subfield>
    </datafield>
    <datafield tag="740" ind1="0" ind2=" ">
      <subfield code="a">Her unknown (brilliant) career.</subfield>
    </datafield>
    <datafield tag="852" ind1="0" ind2="0">
      <subfield code="b">firestone</subfield>
      <subfield code="c">stacks</subfield>
      <subfield code="h">PR9619.3.F68</subfield>
      <subfield code="i">Z6 1981</subfield>
      <subfield code="8">22699756050006421</subfield>
    </datafield>
  </record>