
  <record>
    <leader>01209dam a2200313 a 4500</leader>
    <controlfield tag="005">20200728192835.0</controlfield>
    <controlfield tag="008">830221s1982    at a     b   s000 0 eng  </controlfield>
    <controlfield tag="001">991247403506421</controlfield>
    <datafield tag="010" ind1=" " ind2=" ">
      <subfield code="a">   81021846 </subfield>
    </datafield>
    <datafield tag="020" ind1=" " ind2=" ">
      <subfield code="a">0702216526</subfield>
    </datafield>
    <datafield tag="020" ind1=" " ind2=" ">
      <subfield code="a">0702219215 (pbk.)</subfield>
    </datafield>
    <datafield tag="035" ind1=" " ind2=" ">
      <subfield code="a">(OCoLC)8034902</subfield>
    </datafield>
    <datafield tag="035" ind1=" " ind2=" ">
      <subfield code="a">(CStRLIN)NJPG83-B13082</subfield>
    </datafield>
    <datafield tag="035" ind1=" " ind2=" ">
      <subfield code="9">AAT9490TS</subfield>
    </datafield>
    <datafield tag="035" ind1=" " ind2=" ">
      <subfield code="a">124740</subfield>
    </datafield>
    <datafield tag="035" ind1=" " ind2=" ">
      <subfield code="a">(NjP)124740-princetondb</subfield>
    </datafield>
    <datafield tag="039" ind1="0" ind2=" ">
      <subfield code="a">2</subfield>
      <subfield code="b">3</subfield>
      <subfield code="c">3</subfield>
      <subfield code="d">3</subfield>
      <subfield code="e">3</subfield>
    </datafield>
    <datafield tag="050" ind1="0" ind2=" ">
      <subfield code="a">GV709</subfield>
      <subfield code="b">.D9 1982</subfield>
    </datafield>
    <datafield tag="082" ind1="0" ind2=" ">
      <subfield code="a">796/.01/94</subfield>
      <subfield code="2">19</subfield>
    </datafield>
    <datafield tag="100" ind1="1" ind2=" ">
      <subfield code="a">Dyer, K. F.</subfield>
      <subfield code="q">(Kenneth F.),</subfield>
      <subfield code="d">1939-</subfield>
      <subfield code="0">http://id.loc.gov/authorities/names/n81139195</subfield>
    </datafield>
    <datafield tag="245" ind1="1" ind2="0">
      <subfield code="a">Challenging the men :</subfield>
      <subfield code="b">the social biology of female sporting achievement /</subfield>
      <subfield code="c">K.F. Dyer.</subfield>
    </datafield>
    <datafield tag="260" ind1=" " ind2=" ">
      <subfield code="a">St. Lucia ;</subfield>
      <subfield code="a">New York :</subfield>
      <subfield code="b">University of Queensland Press,</subfield>
      <subfield code="c">c1982.</subfield>
    </datafield>
    <datafield tag="300" ind1=" " ind2=" ">
      <subfield code="a">xiv, 271 p. :</subfield>
      <subfield code="b">ill. ;</subfield>
      <subfield code="c">24 cm.</subfield>
    </datafield>
    <datafield tag="504" ind1=" " ind2=" ">
      <subfield code="a">Bibliography: p. [234]-[239]</subfield>
    </datafield>
    <datafield tag="650" ind1=" " ind2="0">
      <subfield code="a">Sports for women.</subfield>
      <subfield code="0">http://id.loc.gov/authorities/subjects/sh85126934</subfield>
    </datafield>
    <datafield tag="650" ind1=" " ind2="0">
      <subfield code="a">Women athletes.</subfield>
      <subfield code="0">http://id.loc.gov/authorities/subjects/sh85147453</subfield>
    </datafield>
    <datafield tag="650" ind1=" " ind2="0">
      <subfield code="a">Sports</subfield>
      <subfield code="x">Physiological aspects.</subfield>
      <subfield code="0">http://id.loc.gov/authorities/subjects/sh85126898</subfield>
    </datafield>
    <datafield tag="852" ind1="0" ind2="0">
      <subfield code="b">firestone</subfield>
      <subfield code="c">stacks</subfield>
      <subfield code="h">GV709</subfield>
      <subfield code="i">.D9 1982</subfield>
      <subfield code="8">22497271700006421</subfield>
    </datafield>
  </record>