
  <record>
    <leader>00702dam a2200217 a 4500</leader>
    <controlfield tag="005">20200729003154.0</controlfield>
    <controlfield tag="008">840627s1983    enk           000 0 eng d</controlfield>
    <controlfield tag="001">992282163506421</controlfield>
    <datafield tag="020" ind1=" " ind2=" ">
      <subfield code="a">0907015077</subfield>
    </datafield>
    <datafield tag="035" ind1=" " ind2=" ">
      <subfield code="a">(OCoLC)12450085</subfield>
    </datafield>
    <datafield tag="035" ind1=" " ind2=" ">
      <subfield code="a">(CStRLIN)NJPG84-B35712</subfield>
    </datafield>
    <datafield tag="035" ind1=" " ind2=" ">
      <subfield code="9">ABE3256TS</subfield>
    </datafield>
    <datafield tag="035" ind1=" " ind2=" ">
      <subfield code="a">228216</subfield>
    </datafield>
    <datafield tag="035" ind1=" " ind2=" ">
      <subfield code="a">(NjP)228216-princetondb</subfield>
    </datafield>
    <datafield tag="040" ind1=" " ind2=" ">
      <subfield code="a">IaU</subfield>
      <subfield code="c">IaU</subfield>
      <subfield code="d">NjP</subfield>
    </datafield>
    <datafield tag="100" ind1="1" ind2=" ">
      <subfield code="a">Nichols, Grace.</subfield>
      <subfield code="0">http://id.loc.gov/authorities/names/n2012073501</subfield>
    </datafield>
    <datafield tag="245" ind1="1" ind2="0">
      <subfield code="a">I is a long memoried woman /</subfield>
      <subfield code="c">Grace Nichols.</subfield>
    </datafield>
    <datafield tag="260" ind1=" " ind2=" ">
      <subfield code="a">London :</subfield>
      <subfield code="b">Caribbean Cultural International ;</subfield>
      <subfield code="b">Karnak House,</subfield>
      <subfield code="c">1983.</subfield>
    </datafield>
    <datafield tag="300" ind1=" " ind2=" ">
      <subfield code="a">80 p. ;</subfield>
      <subfield code="c">21 cm.</subfield>
    </datafield>
    <datafield tag="852" ind1="0" ind2="0">
      <subfield code="b">firestone</subfield>
      <subfield code="c">stacks</subfield>
      <subfield code="h">PR9320.9.N46</subfield>
      <subfield code="i">I18</subfield>
      <subfield code="8">22714145400006421</subfield>
    </datafield>
  </record>