
  <record>
    <leader>01111dam a2200301 i 4500</leader>
    <controlfield tag="005">20200728234135.0</controlfield>
    <controlfield tag="008">840125s1974    enk      b    000 1 eng  </controlfield>
    <controlfield tag="001">992360903506421</controlfield>
    <datafield tag="010" ind1=" " ind2=" ">
      <subfield code="a">   75317629 </subfield>
    </datafield>
    <datafield tag="015" ind1=" " ind2=" ">
      <subfield code="a">GB75-08877</subfield>
    </datafield>
    <datafield tag="020" ind1=" " ind2=" ">
      <subfield code="a">0582502144 :</subfield>
      <subfield code="c">£4.25</subfield>
    </datafield>
    <datafield tag="035" ind1=" " ind2=" ">
      <subfield code="a">(OCoLC)1531168</subfield>
    </datafield>
    <datafield tag="035" ind1=" " ind2=" ">
      <subfield code="a">(CStRLIN)NJPG84-B4382</subfield>
    </datafield>
    <datafield tag="035" ind1=" " ind2=" ">
      <subfield code="9">ABF1153TS</subfield>
    </datafield>
    <datafield tag="035" ind1=" " ind2=" ">
      <subfield code="a">236090</subfield>
    </datafield>
    <datafield tag="035" ind1=" " ind2=" ">
      <subfield code="a">(NjP)236090-princetondb</subfield>
    </datafield>
    <datafield tag="050" ind1="0" ind2=" ">
      <subfield code="a">PZ3.M32355</subfield>
      <subfield code="b">Un4</subfield>
      <subfield code="a">PR6025.A57</subfield>
    </datafield>
    <datafield tag="082" ind1="0" ind2=" ">
      <subfield code="a">823</subfield>
    </datafield>
    <datafield tag="100" ind1="1" ind2=" ">
      <subfield code="a">Mansfield, Katherine,</subfield>
      <subfield code="d">1888-1923.</subfield>
      <subfield code="0">http://id.loc.gov/authorities/names/n79043273</subfield>
    </datafield>
    <datafield tag="245" ind1="1" ind2="0">
      <subfield code="a">Undiscovered country :</subfield>
      <subfield code="b">the New Zealand stories of Katherine Mansfield /</subfield>
      <subfield code="c">edited by Ian A. Gordon.</subfield>
    </datafield>
    <datafield tag="260" ind1=" " ind2=" ">
      <subfield code="a">London :</subfield>
      <subfield code="b">Longman,</subfield>
      <subfield code="c">1974.</subfield>
    </datafield>
    <datafield tag="300" ind1=" " ind2=" ">
      <subfield code="a">xxi, 369 p. ;</subfield>
      <subfield code="c">23 cm.</subfield>
    </datafield>
    <datafield tag="504" ind1=" " ind2=" ">
      <subfield code="a">Includes bibliographical references.</subfield>
    </datafield>
    <datafield tag="655" ind1=" " ind2="7">
      <subfield code="a">Fiction.</subfield>
      <subfield code="2">lcgft</subfield>
      <subfield code="0">http://id.loc.gov/authorities/genreForms/gf2014026339</subfield>
    </datafield>
    <datafield tag="700" ind1="1" ind2=" ">
      <subfield code="a">Gordon, Ian A.</subfield>
      <subfield code="q">(Ian Alistair),</subfield>
      <subfield code="d">1908-2004.</subfield>
      <subfield code="0">http://id.loc.gov/authorities/names/n50035004</subfield>
    </datafield>
    <datafield tag="852" ind1="0" ind2="0">
      <subfield code="b">firestone</subfield>
      <subfield code="c">stacks</subfield>
      <subfield code="h">PR9639.3.M258</subfield>
      <subfield code="i">U52</subfield>
      <subfield code="8">22571552120006421</subfield>
    </datafield>
  </record>