
  <record>
    <leader>01958cam a2200337 a 4500</leader>
    <controlfield tag="005">20220329112827.0</controlfield>
    <controlfield tag="008">880413m19499999fr       b    001 0 lat d</controlfield>
    <controlfield tag="001">994382903506421</controlfield>
    <datafield tag="019" ind1=" " ind2=" ">
      <subfield code="a">17611606</subfield>
      <subfield code="a">22319402</subfield>
      <subfield code="a">32566851</subfield>
      <subfield code="a">145899274</subfield>
      <subfield code="a">727916568</subfield>
      <subfield code="a">953232992</subfield>
    </datafield>
    <datafield tag="035" ind1=" " ind2=" ">
      <subfield code="a">(CStRLIN)NJPG88-B19462</subfield>
    </datafield>
    <datafield tag="035" ind1=" " ind2=" ">
      <subfield code="9">ACB3903TS</subfield>
    </datafield>
    <datafield tag="035" ind1=" " ind2=" ">
      <subfield code="a">438290</subfield>
    </datafield>
    <datafield tag="035" ind1=" " ind2=" ">
      <subfield code="a">(OCoLC)ocm00939323</subfield>
      <subfield code="z">(OCoLC)ocm17611606</subfield>
      <subfield code="z">(OCoLC)ocm22319402</subfield>
      <subfield code="z">(OCoLC)ocm32566851</subfield>
      <subfield code="z">(OCoLC)ocn145899274</subfield>
      <subfield code="z">(OCoLC)ocn727916568</subfield>
      <subfield code="z">(OCoLC)ocn953232992</subfield>
    </datafield>
    <datafield tag="035" ind1=" " ind2=" ">
      <subfield code="a">(NjP)438290-princetondb</subfield>
    </datafield>
    <datafield tag="035" ind1=" " ind2=" ">
      <subfield code="z">(OCoLC)17611606</subfield>
      <subfield code="z">(OCoLC)22319402</subfield>
      <subfield code="z">(OCoLC)32566851</subfield>
      <subfield code="z">(OCoLC)145899274</subfield>
      <subfield code="z">(OCoLC)727916568</subfield>
      <subfield code="z">(OCoLC)953232992</subfield>
    </datafield>
    <datafield tag="040" ind1=" " ind2=" ">
      <subfield code="a">PPT</subfield>
      <subfield code="c">PPT</subfield>
      <subfield code="d">CBGTU</subfield>
      <subfield code="d">NjP</subfield>
    </datafield>
    <datafield tag="041" ind1="1" ind2=" ">
      <subfield code="a">latfre</subfield>
      <subfield code="h">lat</subfield>
    </datafield>
    <datafield tag="100" ind1="0" ind2=" ">
      <subfield code="a">Augustine,</subfield>
      <subfield code="c">of Hippo, Saint,</subfield>
      <subfield code="d">354-430.</subfield>
      <subfield code="0">http://id.loc.gov/authorities/names/n80126290</subfield>
    </datafield>
    <datafield tag="240" ind1="1" ind2="0">
      <subfield code="a">Works.</subfield>
      <subfield code="l">French &amp; Latin.</subfield>
      <subfield code="f">1949</subfield>
    </datafield>
    <datafield tag="245" ind1="1" ind2="0">
      <subfield code="a">Œuvres de Saint Augustin.</subfield>
    </datafield>
    <datafield tag="260" ind1=" " ind2=" ">
      <subfield code="a">[Paris] :</subfield>
      <subfield code="b">Desclʹee de Brouwer,</subfield>
      <subfield code="c">1949-</subfield>
    </datafield>
    <datafield tag="300" ind1=" " ind2=" ">
      <subfield code="a">v. ;</subfield>
      <subfield code="c">18 cm.</subfield>
    </datafield>
    <datafield tag="490" ind1="0" ind2=" ">
      <subfield code="a">Bibliothèque augustinienne</subfield>
    </datafield>
    <datafield tag="500" ind1=" " ind2=" ">
      <subfield code="a">Edition varies.</subfield>
    </datafield>
    <datafield tag="500" ind1=" " ind2=" ">
      <subfield code="a">Later vols. published by Études augustiniennes.</subfield>
    </datafield>
    <datafield tag="500" ind1=" " ind2=" ">
      <subfield code="a">Latin and French on opposite pages.</subfield>
    </datafield>
    <datafield tag="504" ind1=" " ind2=" ">
      <subfield code="a">Includes bibliographies and index.</subfield>
    </datafield>
    <datafield tag="500" ind1=" " ind2=" ">
      <subfield code="a">Volumes are divided into series.</subfield>
    </datafield>
    <datafield tag="505" ind1="1" ind2=" ">
      <subfield code="a">1. sʹerie. Opuscules -- 2. sʹerie. Dieu et son œuvre -- 3. sʹerie. La grâce -- 4. sʹerie. Traitʹes anti-donatistes -- 5. sʹerie. La cité de Dieu -- 6. série. Lettres -- 7. série. La Génèse au sens littéral -- 8. série. Enarrationes in psalmos -- 9. série. Homélies -- [Index]. Vue d'ensemble ; Table analytique.</subfield>
    </datafield>
    <datafield tag="500" ind1=" " ind2=" ">
      <subfield code="3">Princeton copy 2</subfield>
      <subfield code="a">Princeton's 2nd copies of vols. 13-14 are corrected eds. published by Études augustiniennes.</subfield>
      <subfield code="5">NjP</subfield>
    </datafield>
    <datafield tag="852" ind1="0" ind2="1">
      <subfield code="b">firestone</subfield>
      <subfield code="c">stacks</subfield>
      <subfield code="h">BR65.A5</subfield>
      <subfield code="i">F71</subfield>
      <subfield code="8">22701153290006421</subfield>
    </datafield>
    <datafield tag="866" ind1=" " ind2="0">
      <subfield code="a">V.1-v. 4 ; v. 6 ; v. 8-v. 14 ; v. 17 ; v. 23-24 ; v. 28-37 ; v. 46 ; v. 48-49 ; v. 71-74 ; Index</subfield>
      <subfield code="8">22701153290006421</subfield>
    </datafield>
    <datafield tag="866" ind1=" " ind2="0">
      <subfield code="z">Princeton copy 2</subfield>
      <subfield code="8">22701153290006421</subfield>
    </datafield>
    <datafield tag="852" ind1="0" ind2="1">
      <subfield code="b">firestone</subfield>
      <subfield code="c">stacks</subfield>
      <subfield code="h">BR65.A5</subfield>
      <subfield code="i">F71</subfield>
      <subfield code="8">22701153400006421</subfield>
    </datafield>
    <datafield tag="866" ind1=" " ind2="0">
      <subfield code="a">V. 1-v. 76 ; Index</subfield>
      <subfield code="8">22701153400006421</subfield>
    </datafield>
    <datafield tag="866" ind1=" " ind2="0">
      <subfield code="z">LACKS: v. 5; 7; 18-19; 20B-21; 25-27; 38-39; 40B-45; 47; 51-56; 59-65; 67-70</subfield>
      <subfield code="8">22701153400006421</subfield>
    </datafield>
    <datafield tag="876" ind1=" " ind2=" ">
      <subfield code="0">22701153400006421</subfield>
      <subfield code="j">0</subfield>
      <subfield code="x">ACQ</subfield>
      <subfield code="z">stacks</subfield>
      <subfield code="c">ISSUE</subfield>
      <subfield code="p">ISSitm30277.510-princetondb</subfield>
      <subfield code="f">stacks</subfield>
      <subfield code="a">23701153340006421</subfield>
      <subfield code="3">v. 78</subfield>
      <subfield code="d">2021-07-13 08:46:14</subfield>
      <subfield code="e">firestone</subfield>
      <subfield code="y">firestone</subfield>
    </datafield>
    <datafield tag="876" ind1=" " ind2=" ">
      <subfield code="0">22701153400006421</subfield>
      <subfield code="j">0</subfield>
      <subfield code="x">LOAN</subfield>
      <subfield code="z">stacks</subfield>
      <subfield code="c">BOOK</subfield>
      <subfield code="p">32101032222778</subfield>
      <subfield code="f">stacks</subfield>
      <subfield code="t">1</subfield>
      <subfield code="a">23701153320006421</subfield>
      <subfield code="3">v.16</subfield>
      <subfield code="b">Gen</subfield>
      <subfield code="d">2021-07-13 08:46:14</subfield>
      <subfield code="e">firestone</subfield>
      <subfield code="y">firestone</subfield>
    </datafield>
  </record>