
  <record>
    <leader>01005dam a2200289 a 4500</leader>
    <controlfield tag="005">20200730142149.0</controlfield>
    <controlfield tag="008">890404s1988    enk      b    001 0 eng d</controlfield>
    <controlfield tag="001">995031393506421</controlfield>
    <datafield tag="020" ind1=" " ind2=" ">
      <subfield code="a">0571151582 (pbk.) :</subfield>
      <subfield code="c">$9.95</subfield>
    </datafield>
    <datafield tag="035" ind1=" " ind2=" ">
      <subfield code="a">(OCoLC)17201198</subfield>
    </datafield>
    <datafield tag="035" ind1=" " ind2=" ">
      <subfield code="a">(CStRLIN)NJPG89-B16239</subfield>
    </datafield>
    <datafield tag="035" ind1=" " ind2=" ">
      <subfield code="9">ACH8916TS</subfield>
    </datafield>
    <datafield tag="035" ind1=" " ind2=" ">
      <subfield code="a">503139</subfield>
    </datafield>
    <datafield tag="035" ind1=" " ind2=" ">
      <subfield code="a">(NjP)503139-princetondb</subfield>
    </datafield>
    <datafield tag="040" ind1=" " ind2=" ">
      <subfield code="a">NBuU</subfield>
      <subfield code="c">NBuU</subfield>
      <subfield code="d">MiU</subfield>
      <subfield code="d">IaU</subfield>
    </datafield>
    <datafield tag="043" ind1=" " ind2=" ">
      <subfield code="a">e-uk---</subfield>
    </datafield>
    <datafield tag="100" ind1="1" ind2=" ">
      <subfield code="a">Mason, Tony,</subfield>
      <subfield code="d">1938-</subfield>
      <subfield code="0">http://id.loc.gov/authorities/names/nb2016018143</subfield>
    </datafield>
    <datafield tag="245" ind1="1" ind2="0">
      <subfield code="a">Sport in Britain /</subfield>
      <subfield code="c">Tony Mason.</subfield>
    </datafield>
    <datafield tag="260" ind1=" " ind2=" ">
      <subfield code="a">London ;</subfield>
      <subfield code="a">Boston :</subfield>
      <subfield code="b">Faber and Faber,</subfield>
      <subfield code="c">1988.</subfield>
    </datafield>
    <datafield tag="300" ind1=" " ind2=" ">
      <subfield code="a">xii, 128 p. ;</subfield>
      <subfield code="c">22 cm.</subfield>
    </datafield>
    <datafield tag="440" ind1=" " ind2="0">
      <subfield code="a">Historical handbooks ;</subfield>
      <subfield code="v">5</subfield>
    </datafield>
    <datafield tag="504" ind1=" " ind2=" ">
      <subfield code="a">Bibliography: p. 121-124.</subfield>
    </datafield>
    <datafield tag="500" ind1=" " ind2=" ">
      <subfield code="a">Includes index.</subfield>
    </datafield>
    <datafield tag="650" ind1=" " ind2="0">
      <subfield code="a">Sports</subfield>
      <subfield code="x">Social aspects</subfield>
      <subfield code="z">Great Britain.</subfield>
      <subfield code="0">http://id.loc.gov/authorities/subjects/sh2010114538</subfield>
    </datafield>
    <datafield tag="650" ind1=" " ind2="0">
      <subfield code="a">Sports</subfield>
      <subfield code="x">Economic aspects</subfield>
      <subfield code="z">Great Britain.</subfield>
    </datafield>
    <datafield tag="852" ind1="0" ind2="0">
      <subfield code="b">firestone</subfield>
      <subfield code="c">stacks</subfield>
      <subfield code="h">GV605</subfield>
      <subfield code="i">.M37</subfield>
      <subfield code="8">22540480110006421</subfield>
    </datafield>
  </record>