
  <record>
    <leader>01042dam a2200253 a 4500</leader>
    <controlfield tag="005">20200730150032.0</controlfield>
    <controlfield tag="008">891127s1988    sa a     b    001 0 eng d</controlfield>
    <controlfield tag="001">995465583506421</controlfield>
    <datafield tag="020" ind1=" " ind2=" ">
      <subfield code="a">0620115432</subfield>
    </datafield>
    <datafield tag="035" ind1=" " ind2=" ">
      <subfield code="a">(OCoLC)19758272</subfield>
    </datafield>
    <datafield tag="035" ind1=" " ind2=" ">
      <subfield code="a">(CStRLIN)NJPG89-B56961</subfield>
    </datafield>
    <datafield tag="035" ind1=" " ind2=" ">
      <subfield code="9">ACN2454TS</subfield>
    </datafield>
    <datafield tag="035" ind1=" " ind2=" ">
      <subfield code="a">546558</subfield>
    </datafield>
    <datafield tag="035" ind1=" " ind2=" ">
      <subfield code="a">(NjP)546558-princetondb</subfield>
    </datafield>
    <datafield tag="040" ind1=" " ind2=" ">
      <subfield code="d">NjP</subfield>
    </datafield>
    <datafield tag="245" ind1="0" ind2="0">
      <subfield code="a">Shades of Adamastor :</subfield>
      <subfield code="b">Africa and the Portuguese connection, an anthology of poetry /</subfield>
      <subfield code="c">compiled and introduced by M. van Wyk Smith.</subfield>
    </datafield>
    <datafield tag="260" ind1=" " ind2=" ">
      <subfield code="a">Grahamstown :</subfield>
      <subfield code="b">Institute for the Study of English in Africa, Rhodes Univ., National English Literary Museum,</subfield>
      <subfield code="c">1988.</subfield>
    </datafield>
    <datafield tag="300" ind1=" " ind2=" ">
      <subfield code="a">xviii, 214 p. :</subfield>
      <subfield code="b">ill. ;</subfield>
      <subfield code="c">21 cm.</subfield>
    </datafield>
    <datafield tag="504" ind1=" " ind2=" ">
      <subfield code="a">Includes bibliographical references (p. [39]-44)</subfield>
    </datafield>
    <datafield tag="650" ind1=" " ind2="0">
      <subfield code="a">English poetry</subfield>
      <subfield code="z">South Africa</subfield>
      <subfield code="y">20th century.</subfield>
    </datafield>
    <datafield tag="651" ind1=" " ind2="0">
      <subfield code="a">Good Hope, Cape of (South Africa : Cape)</subfield>
      <subfield code="x">Poetry.</subfield>
    </datafield>
    <datafield tag="700" ind1="1" ind2=" ">
      <subfield code="a">Van Wyk Smith, Malvern.</subfield>
      <subfield code="0">http://id.loc.gov/authorities/names/n77001625</subfield>
    </datafield>
    <datafield tag="852" ind1="0" ind2="0">
      <subfield code="b">firestone</subfield>
      <subfield code="c">stacks</subfield>
      <subfield code="h">PR9365.7</subfield>
      <subfield code="i">.S52</subfield>
      <subfield code="8">22749731930006421</subfield>
    </datafield>
  </record>