
  <record>
    <leader>01672dam a2200325 i 4500</leader>
    <controlfield tag="005">20200730150600.0</controlfield>
    <controlfield tag="008">891213s1988    sw       b    100 0 eng d</controlfield>
    <controlfield tag="001">995498773506421</controlfield>
    <datafield tag="020" ind1=" " ind2=" ">
      <subfield code="a">9171062769</subfield>
    </datafield>
    <datafield tag="035" ind1=" " ind2=" ">
      <subfield code="a">(OCoLC)18895000</subfield>
    </datafield>
    <datafield tag="035" ind1=" " ind2=" ">
      <subfield code="a">(CStRLIN)NJPG89-B60071</subfield>
    </datafield>
    <datafield tag="035" ind1=" " ind2=" ">
      <subfield code="9">ACN5780TS</subfield>
    </datafield>
    <datafield tag="035" ind1=" " ind2=" ">
      <subfield code="a">549877</subfield>
    </datafield>
    <datafield tag="035" ind1=" " ind2=" ">
      <subfield code="a">(NjP)549877-princetondb</subfield>
    </datafield>
    <datafield tag="040" ind1=" " ind2=" ">
      <subfield code="a">OTU</subfield>
      <subfield code="c">MiU</subfield>
      <subfield code="d">MiU</subfield>
      <subfield code="d">NjP</subfield>
    </datafield>
    <datafield tag="111" ind1="2" ind2=" ">
      <subfield code="a">African Writers' Conference</subfield>
      <subfield code="n">(2nd:</subfield>
      <subfield code="d">1986 :</subfield>
      <subfield code="c">Stockholm, Sweden)</subfield>
    </datafield>
    <datafield tag="245" ind1="1" ind2="0">
      <subfield code="a">Criticism and ideology :</subfield>
      <subfield code="b">Second African Writers' Conference, Stockholm, 1986 /</subfield>
      <subfield code="c">edited by Kirsten Holst Petersen ; with an introductory essay by Per Wastberg.</subfield>
    </datafield>
    <datafield tag="260" ind1=" " ind2=" ">
      <subfield code="a">Uppsala:</subfield>
      <subfield code="b">Scandinavian Institute of African Studies ;</subfield>
      <subfield code="a">Stockholm, Sweden :</subfield>
      <subfield code="b">Distrbuted by Almqvist &amp; Wiksell International,</subfield>
      <subfield code="c">1988.</subfield>
    </datafield>
    <datafield tag="300" ind1=" " ind2=" ">
      <subfield code="a">223 p. ;</subfield>
      <subfield code="c">23 cm.</subfield>
    </datafield>
    <datafield tag="490" ind1="1" ind2=" ">
      <subfield code="a">Seminar proceedings / Scandinavian Institute of African Studies ;</subfield>
      <subfield code="v">no. 20</subfield>
    </datafield>
    <datafield tag="500" ind1=" " ind2=" ">
      <subfield code="a">Conference arranged by the Scandinavian Institute of African Studies in cooperation with the Swedish Institute.</subfield>
    </datafield>
    <datafield tag="504" ind1=" " ind2=" ">
      <subfield code="a">Includes bibliographical references.</subfield>
    </datafield>
    <datafield tag="650" ind1=" " ind2="0">
      <subfield code="a">African literature (English)</subfield>
      <subfield code="x">History and criticism</subfield>
      <subfield code="x">Congresses.</subfield>
    </datafield>
    <datafield tag="700" ind1="1" ind2=" ">
      <subfield code="a">Petersen, Kirsten Holst.</subfield>
      <subfield code="0">http://id.loc.gov/authorities/names/n83211850</subfield>
    </datafield>
    <datafield tag="700" ind1="1" ind2=" ">
      <subfield code="a">Wästberg, Per.</subfield>
      <subfield code="0">http://id.loc.gov/authorities/names/n79097386</subfield>
    </datafield>
    <datafield tag="710" ind1="2" ind2=" ">
      <subfield code="a">Nordiska Afrikainstitutet.</subfield>
      <subfield code="0">http://id.loc.gov/authorities/names/n79032211</subfield>
    </datafield>
    <datafield tag="710" ind1="2" ind2=" ">
      <subfield code="a">Svenska institutet.</subfield>
      <subfield code="0">http://id.loc.gov/authorities/names/n88133585</subfield>
    </datafield>
    <datafield tag="830" ind1=" " ind2="0">
      <subfield code="a">Seminar proceedings from the Scandinavian Institute of African Studies ;</subfield>
      <subfield code="v">20.</subfield>
    </datafield>
    <datafield tag="852" ind1="0" ind2="0">
      <subfield code="b">firestone</subfield>
      <subfield code="c">stacks</subfield>
      <subfield code="h">PR9340</subfield>
      <subfield code="i">.A515 1988</subfield>
      <subfield code="8">22544517980006421</subfield>
    </datafield>
  </record>