
  <record>
    <leader>01029dam a2200265 a 4500</leader>
    <controlfield tag="005">20200730181404.0</controlfield>
    <controlfield tag="008">901030s1990    at            001 0 eng d</controlfield>
    <controlfield tag="001">996083403506421</controlfield>
    <datafield tag="020" ind1=" " ind2=" ">
      <subfield code="a">0947062556</subfield>
    </datafield>
    <datafield tag="035" ind1=" " ind2=" ">
      <subfield code="a">(OCoLC)21975523</subfield>
    </datafield>
    <datafield tag="035" ind1=" " ind2=" ">
      <subfield code="a">(CStRLIN)NJPG90-B48298</subfield>
    </datafield>
    <datafield tag="035" ind1=" " ind2=" ">
      <subfield code="9">ACU4444TS</subfield>
    </datafield>
    <datafield tag="035" ind1=" " ind2=" ">
      <subfield code="a">608340</subfield>
    </datafield>
    <datafield tag="035" ind1=" " ind2=" ">
      <subfield code="a">(NjP)608340-princetondb</subfield>
    </datafield>
    <datafield tag="040" ind1=" " ind2=" ">
      <subfield code="d">CtY</subfield>
      <subfield code="d">NjP</subfield>
    </datafield>
    <datafield tag="100" ind1="0" ind2=" ">
      <subfield code="a">Mudrooroo,</subfield>
      <subfield code="d">1938-</subfield>
      <subfield code="0">http://id.loc.gov/authorities/names/n99264389</subfield>
    </datafield>
    <datafield tag="245" ind1="1" ind2="0">
      <subfield code="a">Writing from the fringe :</subfield>
      <subfield code="b">a study of modern aboriginal literature /cMudrooroo Narogin.</subfield>
    </datafield>
    <datafield tag="260" ind1=" " ind2=" ">
      <subfield code="a">Melbourne :</subfield>
      <subfield code="b">Hyland House,</subfield>
      <subfield code="c">1990.</subfield>
    </datafield>
    <datafield tag="300" ind1=" " ind2=" ">
      <subfield code="a">207 p. ;</subfield>
      <subfield code="c">22 cm.</subfield>
    </datafield>
    <datafield tag="504" ind1=" " ind2=" ">
      <subfield code="a">Includes bibliographical references and index.</subfield>
    </datafield>
    <datafield tag="650" ind1=" " ind2="0">
      <subfield code="a">Australian literature</subfield>
      <subfield code="x">Aboriginal Australian authors</subfield>
      <subfield code="x">History and criticism.</subfield>
    </datafield>
    <datafield tag="650" ind1=" " ind2="0">
      <subfield code="a">Aboriginal Australians</subfield>
      <subfield code="x">Intellectual life.</subfield>
    </datafield>
    <datafield tag="650" ind1=" " ind2="0">
      <subfield code="a">Aboriginal Australians in literature.</subfield>
      <subfield code="0">http://id.loc.gov/authorities/subjects/sh93008610</subfield>
    </datafield>
    <datafield tag="852" ind1="0" ind2="0">
      <subfield code="b">firestone</subfield>
      <subfield code="c">stacks</subfield>
      <subfield code="h">PR9608.2.A96</subfield>
      <subfield code="i">N37 1990</subfield>
      <subfield code="8">22688878130006421</subfield>
    </datafield>
  </record>