
  <record>
    <leader>01218dam a2200301 a 4500</leader>
    <controlfield tag="005">20200730200937.0</controlfield>
    <controlfield tag="008">910417s1990    at       b    000 0 eng  </controlfield>
    <controlfield tag="001">996405203506421</controlfield>
    <datafield tag="010" ind1=" " ind2=" ">
      <subfield code="a">   90203539  </subfield>
    </datafield>
    <datafield tag="020" ind1=" " ind2=" ">
      <subfield code="a">0702222844</subfield>
    </datafield>
    <datafield tag="035" ind1=" " ind2=" ">
      <subfield code="a">(OCoLC)22595374</subfield>
    </datafield>
    <datafield tag="035" ind1=" " ind2=" ">
      <subfield code="a">(CStRLIN)NJPG91-B18608</subfield>
    </datafield>
    <datafield tag="035" ind1=" " ind2=" ">
      <subfield code="9">ACX6753TS</subfield>
    </datafield>
    <datafield tag="035" ind1=" " ind2=" ">
      <subfield code="a">640520</subfield>
    </datafield>
    <datafield tag="035" ind1=" " ind2=" ">
      <subfield code="a">(NjP)640520-princetondb</subfield>
    </datafield>
    <datafield tag="040" ind1=" " ind2=" ">
      <subfield code="a">DLC</subfield>
      <subfield code="c">DLC</subfield>
    </datafield>
    <datafield tag="050" ind1="0" ind2="0">
      <subfield code="a">PR9619.3.S84</subfield>
      <subfield code="b">A6 1990</subfield>
    </datafield>
    <datafield tag="082" ind1="0" ind2="0">
      <subfield code="a">823</subfield>
      <subfield code="2">20</subfield>
    </datafield>
    <datafield tag="100" ind1="1" ind2=" ">
      <subfield code="a">Stow, Randolph,</subfield>
      <subfield code="d">1935-2010.</subfield>
      <subfield code="0">http://id.loc.gov/authorities/names/n50010863</subfield>
    </datafield>
    <datafield tag="240" ind1="1" ind2="0">
      <subfield code="a">Works.</subfield>
      <subfield code="k">Selections.</subfield>
      <subfield code="f">1990</subfield>
    </datafield>
    <datafield tag="245" ind1="1" ind2="0">
      <subfield code="a">Randolph Stow :</subfield>
      <subfield code="b">Visitants, episodes from other novels, poems, stories, interviews, and essays /</subfield>
      <subfield code="c">edited by Anthony J. Hassall.</subfield>
    </datafield>
    <datafield tag="260" ind1=" " ind2=" ">
      <subfield code="a">St. Lucia, Qld., Australia :</subfield>
      <subfield code="b">University of Queensland Press ;</subfield>
      <subfield code="a">Portland, Or. :</subfield>
      <subfield code="b">Distributed in the USA and Canada by International Specialized Book Services,</subfield>
      <subfield code="c">1990.</subfield>
    </datafield>
    <datafield tag="300" ind1=" " ind2=" ">
      <subfield code="a">xxix, 453 p. ;</subfield>
      <subfield code="c">20 cm.</subfield>
    </datafield>
    <datafield tag="440" ind1=" " ind2="0">
      <subfield code="a">UQP Australian authors</subfield>
    </datafield>
    <datafield tag="504" ind1=" " ind2=" ">
      <subfield code="a">Includes bibliographical references (p. 447-453).</subfield>
    </datafield>
    <datafield tag="700" ind1="1" ind2=" ">
      <subfield code="a">Hassall, Anthony J.</subfield>
      <subfield code="0">http://id.loc.gov/authorities/names/n80043908</subfield>
    </datafield>
    <datafield tag="852" ind1="0" ind2="0">
      <subfield code="b">firestone</subfield>
      <subfield code="c">stacks</subfield>
      <subfield code="h">PR9619.3.S84</subfield>
      <subfield code="i">A6 1990</subfield>
      <subfield code="8">22633951800006421</subfield>
    </datafield>
  </record>