
  <record>
    <leader>00919dam a2200241 a 4500</leader>
    <controlfield tag="005">20200731093836.0</controlfield>
    <controlfield tag="008">930105s1989    ko       b    000 0 eng d</controlfield>
    <controlfield tag="001">997789493506421</controlfield>
    <datafield tag="010" ind1=" " ind2=" ">
      <subfield code="a">   90118977  </subfield>
    </datafield>
    <datafield tag="035" ind1=" " ind2=" ">
      <subfield code="a">(OCoLC)24084314</subfield>
    </datafield>
    <datafield tag="035" ind1=" " ind2=" ">
      <subfield code="a">(CStRLIN)NJPG93-B346</subfield>
    </datafield>
    <datafield tag="035" ind1=" " ind2=" ">
      <subfield code="9">ADR7367TS</subfield>
    </datafield>
    <datafield tag="035" ind1=" " ind2=" ">
      <subfield code="a">778949</subfield>
    </datafield>
    <datafield tag="035" ind1=" " ind2=" ">
      <subfield code="a">(NjP)778949-princetondb</subfield>
    </datafield>
    <datafield tag="040" ind1=" " ind2=" ">
      <subfield code="a">NN</subfield>
      <subfield code="c">NN</subfield>
      <subfield code="d">DLC</subfield>
      <subfield code="d">CU</subfield>
      <subfield code="d">NjP</subfield>
    </datafield>
    <datafield tag="245" ind1="0" ind2="0">
      <subfield code="a">Impact of the Seoul Olympic Games on national development /</subfield>
      <subfield code="c">Jong-gie Kim ... [et al.].</subfield>
    </datafield>
    <datafield tag="260" ind1=" " ind2=" ">
      <subfield code="a">[Seoul, Korea] :</subfield>
      <subfield code="b">Korea Development Institute,</subfield>
      <subfield code="c">[1989?]</subfield>
    </datafield>
    <datafield tag="300" ind1=" " ind2=" ">
      <subfield code="a">vii, 102 p. ;</subfield>
      <subfield code="c">24 cm.</subfield>
    </datafield>
    <datafield tag="504" ind1=" " ind2=" ">
      <subfield code="a">Includes bibliographical references (p. 98-102) .</subfield>
    </datafield>
    <datafield tag="611" ind1="2" ind2="0">
      <subfield code="a">Olympic Games</subfield>
      <subfield code="n">(24th :</subfield>
      <subfield code="d">1988 :</subfield>
      <subfield code="c">Seoul, Korea)</subfield>
      <subfield code="0">http://id.loc.gov/authorities/names/n85274920</subfield>
    </datafield>
    <datafield tag="700" ind1="1" ind2=" ">
      <subfield code="a">Kim, Chŏng-gi.</subfield>
      <subfield code="0">http://id.loc.gov/authorities/names/n78036803</subfield>
    </datafield>
    <datafield tag="852" ind1="0" ind2="0">
      <subfield code="b">firestone</subfield>
      <subfield code="c">stacks</subfield>
      <subfield code="h">GV722 1988</subfield>
      <subfield code="i">.I462 1989</subfield>
      <subfield code="8">22501719890006421</subfield>
    </datafield>
  </record>