
  <record>
    <leader>01160dam a2200313 a 4500</leader>
    <controlfield tag="005">20200731133147.0</controlfield>
    <controlfield tag="008">930706s1991    oncaf         000 0deng c</controlfield>
    <controlfield tag="001">998195893506421</controlfield>
    <datafield tag="010" ind1=" " ind2=" ">
      <subfield code="a">cn 91094775  </subfield>
    </datafield>
    <datafield tag="015" ind1=" " ind2=" ">
      <subfield code="a">C91-94775-9</subfield>
    </datafield>
    <datafield tag="020" ind1=" " ind2=" ">
      <subfield code="a">0075513455 :</subfield>
      <subfield code="c">$18.95</subfield>
    </datafield>
    <datafield tag="035" ind1=" " ind2=" ">
      <subfield code="a">(OCoLC)24284042</subfield>
    </datafield>
    <datafield tag="035" ind1=" " ind2=" ">
      <subfield code="a">(CStRLIN)NJPG93-B37065</subfield>
    </datafield>
    <datafield tag="035" ind1=" " ind2=" ">
      <subfield code="9">AEA9390TS</subfield>
    </datafield>
    <datafield tag="035" ind1=" " ind2=" ">
      <subfield code="a">819589</subfield>
    </datafield>
    <datafield tag="035" ind1=" " ind2=" ">
      <subfield code="a">(NjP)819589-princetondb</subfield>
    </datafield>
    <datafield tag="040" ind1=" " ind2=" ">
      <subfield code="a">CaOTU</subfield>
      <subfield code="b">eng</subfield>
      <subfield code="c">CaOONL</subfield>
      <subfield code="d">CaOONL</subfield>
      <subfield code="d">NN</subfield>
    </datafield>
    <datafield tag="055" ind1=" " ind2="0">
      <subfield code="a">GV848 .5 A1</subfield>
      <subfield code="b">F46 1991 fol.</subfield>
    </datafield>
    <datafield tag="055" ind1=" " ind2="2">
      <subfield code="a">GV848.5*</subfield>
    </datafield>
    <datafield tag="082" ind1="0" ind2=" ">
      <subfield code="a">796.962/092/2</subfield>
      <subfield code="2">20</subfield>
    </datafield>
    <datafield tag="100" ind1="1" ind2=" ">
      <subfield code="a">Fischler, Stan.</subfield>
      <subfield code="0">http://id.loc.gov/authorities/names/n78095823</subfield>
    </datafield>
    <datafield tag="245" ind1="1" ind2="0">
      <subfield code="a">Bad boys :</subfield>
      <subfield code="b">the legends of hockey's toughest, meanest, most-feared players /</subfield>
      <subfield code="c">Stan Fischler.</subfield>
    </datafield>
    <datafield tag="260" ind1=" " ind2=" ">
      <subfield code="a">Toronto :</subfield>
      <subfield code="b">McGraw-Hill Ryerson,</subfield>
      <subfield code="c">1991.</subfield>
    </datafield>
    <datafield tag="300" ind1=" " ind2=" ">
      <subfield code="a">163 p., [16] p. of plates :</subfield>
      <subfield code="b">ill. ;</subfield>
      <subfield code="c">26 cm.</subfield>
    </datafield>
    <datafield tag="650" ind1=" " ind2="0">
      <subfield code="a">Hockey</subfield>
      <subfield code="v">Biography.</subfield>
      <subfield code="0">http://id.loc.gov/authorities/subjects/sh85061327</subfield>
    </datafield>
    <datafield tag="650" ind1=" " ind2="0">
      <subfield code="a">Violence in sports.</subfield>
      <subfield code="0">http://id.loc.gov/authorities/subjects/sh85143530</subfield>
    </datafield>
    <datafield tag="610" ind1="2" ind2="0">
      <subfield code="a">National Hockey League</subfield>
      <subfield code="x">Biography.</subfield>
    </datafield>
    <datafield tag="852" ind1="0" ind2="0">
      <subfield code="b">firestone</subfield>
      <subfield code="c">stacks</subfield>
      <subfield code="h">GV848.5.A1</subfield>
      <subfield code="i">F473 1991</subfield>
      <subfield code="8">22549767760006421</subfield>
    </datafield>
  </record>