
  <record>
    <leader>00678dam a2200229 a 4500</leader>
    <controlfield tag="005">20200731145117.0</controlfield>
    <controlfield tag="008">940308s1992    enk           000 0 eng d</controlfield>
    <controlfield tag="001">998683163506421</controlfield>
    <datafield tag="020" ind1=" " ind2=" ">
      <subfield code="a">0856359769</subfield>
    </datafield>
    <datafield tag="035" ind1=" " ind2=" ">
      <subfield code="a">(OCoLC)27384814</subfield>
    </datafield>
    <datafield tag="035" ind1=" " ind2=" ">
      <subfield code="a">(CStRLIN)NJPG94-B12004</subfield>
    </datafield>
    <datafield tag="035" ind1=" " ind2=" ">
      <subfield code="9">CAZ7664TS</subfield>
    </datafield>
    <datafield tag="035" ind1=" " ind2=" ">
      <subfield code="a">868316</subfield>
    </datafield>
    <datafield tag="035" ind1=" " ind2=" ">
      <subfield code="a">(NjP)868316-princetondb</subfield>
    </datafield>
    <datafield tag="040" ind1=" " ind2=" ">
      <subfield code="a">Uk</subfield>
      <subfield code="c">Uk</subfield>
      <subfield code="d">DLC</subfield>
      <subfield code="d">CStRLIN</subfield>
      <subfield code="d">PPT</subfield>
      <subfield code="d">NjP</subfield>
    </datafield>
    <datafield tag="082" ind1="0" ind2="4">
      <subfield code="a">828.91408</subfield>
      <subfield code="2">20</subfield>
    </datafield>
    <datafield tag="100" ind1="1" ind2=" ">
      <subfield code="a">Murray, Les A.,</subfield>
      <subfield code="d">1938-</subfield>
    </datafield>
    <datafield tag="245" ind1="1" ind2="4">
      <subfield code="a">The paperbark tree :</subfield>
      <subfield code="b">selected prose /</subfield>
      <subfield code="c">Les Murray.</subfield>
    </datafield>
    <datafield tag="260" ind1=" " ind2=" ">
      <subfield code="a">Manchester :</subfield>
      <subfield code="b">Carcanet,</subfield>
      <subfield code="c">1992.</subfield>
    </datafield>
    <datafield tag="300" ind1=" " ind2=" ">
      <subfield code="a">390 p. ;</subfield>
      <subfield code="c">23 cm.</subfield>
    </datafield>
    <datafield tag="852" ind1="0" ind2="0">
      <subfield code="b">firestone</subfield>
      <subfield code="c">stacks</subfield>
      <subfield code="h">PR9619.3.M83</subfield>
      <subfield code="i">P36 1992</subfield>
      <subfield code="8">22622701490006421</subfield>
    </datafield>
  </record>