
  <record>
    <leader>00821dam a2200241 a 4500</leader>
    <controlfield tag="005">20200731150240.0</controlfield>
    <controlfield tag="008">940406s1992    enk           000 0 eng d</controlfield>
    <controlfield tag="001">998758173506421</controlfield>
    <datafield tag="020" ind1=" " ind2=" ">
      <subfield code="a">0856359920</subfield>
    </datafield>
    <datafield tag="035" ind1=" " ind2=" ">
      <subfield code="a">(OCoLC)59961051</subfield>
    </datafield>
    <datafield tag="035" ind1=" " ind2=" ">
      <subfield code="a">(CStRLIN)NJPG94-B19064</subfield>
    </datafield>
    <datafield tag="035" ind1=" " ind2=" ">
      <subfield code="9">CBB1580TS</subfield>
    </datafield>
    <datafield tag="035" ind1=" " ind2=" ">
      <subfield code="a">875817</subfield>
    </datafield>
    <datafield tag="035" ind1=" " ind2=" ">
      <subfield code="a">(NjP)875817-princetondb</subfield>
    </datafield>
    <datafield tag="040" ind1=" " ind2=" ">
      <subfield code="a">CtY</subfield>
      <subfield code="c">CtY</subfield>
      <subfield code="d">NjP</subfield>
    </datafield>
    <datafield tag="100" ind1="1" ind2=" ">
      <subfield code="a">Wright, Judith,</subfield>
      <subfield code="d">1915-2000.</subfield>
      <subfield code="0">http://id.loc.gov/authorities/names/n80036616</subfield>
    </datafield>
    <datafield tag="240" ind1="1" ind2="0">
      <subfield code="a">Poems.</subfield>
      <subfield code="k">Selections.</subfield>
      <subfield code="f">1992</subfield>
    </datafield>
    <datafield tag="245" ind1="1" ind2="0">
      <subfield code="a">Human pattern :</subfield>
      <subfield code="b">selected poems /</subfield>
      <subfield code="c">Judith Wright.</subfield>
    </datafield>
    <datafield tag="260" ind1=" " ind2=" ">
      <subfield code="a">Manchester :</subfield>
      <subfield code="b">Carcanet Press Limited,</subfield>
      <subfield code="c">1992.</subfield>
    </datafield>
    <datafield tag="300" ind1=" " ind2=" ">
      <subfield code="a">242 p. ;</subfield>
      <subfield code="c">23 cm.</subfield>
    </datafield>
    <datafield tag="500" ind1=" " ind2=" ">
      <subfield code="a">First published in Australia by Angus &amp; Robertson Publishers 1990.</subfield>
    </datafield>
    <datafield tag="852" ind1="0" ind2="0">
      <subfield code="b">firestone</subfield>
      <subfield code="c">stacks</subfield>
      <subfield code="h">PR9619.3.W7</subfield>
      <subfield code="i">A6 1992</subfield>
      <subfield code="8">22647637900006421</subfield>
    </datafield>
  </record>