
  <record>
    <leader>01077dam a2200301 a 4500</leader>
    <controlfield tag="005">20200731190959.0</controlfield>
    <controlfield tag="008">940810s1993    caua     b    001 0 eng  </controlfield>
    <controlfield tag="001">999080263506421</controlfield>
    <datafield tag="010" ind1=" " ind2=" ">
      <subfield code="a">   93006510  </subfield>
    </datafield>
    <datafield tag="020" ind1=" " ind2=" ">
      <subfield code="a">0803949790 (cloth)</subfield>
    </datafield>
    <datafield tag="020" ind1=" " ind2=" ">
      <subfield code="a">0803949804 (pbk.)</subfield>
    </datafield>
    <datafield tag="035" ind1=" " ind2=" ">
      <subfield code="a">(OCoLC)27266213</subfield>
    </datafield>
    <datafield tag="035" ind1=" " ind2=" ">
      <subfield code="a">(CStRLIN)NJPG94-B47713</subfield>
    </datafield>
    <datafield tag="035" ind1=" " ind2=" ">
      <subfield code="9">CBH3445TS</subfield>
    </datafield>
    <datafield tag="035" ind1=" " ind2=" ">
      <subfield code="a">908026</subfield>
    </datafield>
    <datafield tag="035" ind1=" " ind2=" ">
      <subfield code="a">(NjP)908026-princetondb</subfield>
    </datafield>
    <datafield tag="040" ind1=" " ind2=" ">
      <subfield code="a">DLC</subfield>
      <subfield code="c">DLC</subfield>
      <subfield code="d">DLC</subfield>
      <subfield code="d">NjP</subfield>
    </datafield>
    <datafield tag="043" ind1=" " ind2=" ">
      <subfield code="a">n-us---</subfield>
    </datafield>
    <datafield tag="050" ind1="0" ind2="0">
      <subfield code="a">GV709.18.U6</subfield>
      <subfield code="b">W65 1993</subfield>
    </datafield>
    <datafield tag="082" ind1="0" ind2="0">
      <subfield code="a">796/.0194</subfield>
      <subfield code="2">20</subfield>
    </datafield>
    <datafield tag="245" ind1="0" ind2="0">
      <subfield code="a">Women in sport :</subfield>
      <subfield code="b">issues and controversies /</subfield>
      <subfield code="c">Greta L. Cohen editor; foreword by Jackie Joyner-Kersee.</subfield>
    </datafield>
    <datafield tag="260" ind1=" " ind2=" ">
      <subfield code="a">Newbury Park :</subfield>
      <subfield code="b">Sage Publications,</subfield>
      <subfield code="c">c1993.</subfield>
    </datafield>
    <datafield tag="300" ind1=" " ind2=" ">
      <subfield code="a">xix, 338 p. :</subfield>
      <subfield code="b">ill ;</subfield>
      <subfield code="c">27 cm.</subfield>
    </datafield>
    <datafield tag="504" ind1=" " ind2=" ">
      <subfield code="a">Includes bibliographical references and index.</subfield>
    </datafield>
    <datafield tag="650" ind1=" " ind2="0">
      <subfield code="a">Women athletes</subfield>
      <subfield code="z">United States.</subfield>
      <subfield code="0">http://id.loc.gov/authorities/subjects/sh85147455</subfield>
    </datafield>
    <datafield tag="700" ind1="1" ind2=" ">
      <subfield code="a">Cohen, Greta L.</subfield>
      <subfield code="0">http://id.loc.gov/authorities/names/n93001210</subfield>
    </datafield>
    <datafield tag="852" ind1="0" ind2="0">
      <subfield code="b">firestone</subfield>
      <subfield code="c">stacks</subfield>
      <subfield code="h">GV709.18.U6</subfield>
      <subfield code="i">W65 1993</subfield>
      <subfield code="8">22739772890006421</subfield>
    </datafield>
  </record>