
  <record>
    <leader>01267dam a2200325 a 4500</leader>
    <controlfield tag="005">20200801112026.0</controlfield>
    <controlfield tag="008">941202s1994    ilua     b    001 0 eng  </controlfield>
    <controlfield tag="001">999341903506421</controlfield>
    <datafield tag="010" ind1=" " ind2=" ">
      <subfield code="a">   93050167  </subfield>
    </datafield>
    <datafield tag="020" ind1=" " ind2=" ">
      <subfield code="a">0873226860</subfield>
    </datafield>
    <datafield tag="035" ind1=" " ind2=" ">
      <subfield code="a">(OCoLC)29636840</subfield>
    </datafield>
    <datafield tag="035" ind1=" " ind2=" ">
      <subfield code="a">(CStRLIN)NJPG94-B72599</subfield>
    </datafield>
    <datafield tag="035" ind1=" " ind2=" ">
      <subfield code="9">CBM7793TS</subfield>
    </datafield>
    <datafield tag="035" ind1=" " ind2=" ">
      <subfield code="a">934190</subfield>
    </datafield>
    <datafield tag="035" ind1=" " ind2=" ">
      <subfield code="a">(NjP)934190-princetondb</subfield>
    </datafield>
    <datafield tag="040" ind1=" " ind2=" ">
      <subfield code="a">DLC</subfield>
      <subfield code="c">DLC</subfield>
      <subfield code="d">PPT</subfield>
      <subfield code="d">NjP</subfield>
    </datafield>
    <datafield tag="050" ind1="0" ind2="0">
      <subfield code="a">GV709</subfield>
      <subfield code="b">.W56 1994</subfield>
    </datafield>
    <datafield tag="082" ind1="0" ind2="0">
      <subfield code="a">796/.0194</subfield>
      <subfield code="2">20</subfield>
    </datafield>
    <datafield tag="245" ind1="0" ind2="0">
      <subfield code="a">Women and sport :</subfield>
      <subfield code="b">interdisciplinary perspectives /</subfield>
      <subfield code="c">D. Margaret Costa, Sharon R. Guthrie, editors.</subfield>
    </datafield>
    <datafield tag="260" ind1=" " ind2=" ">
      <subfield code="a">Champaign, IL :</subfield>
      <subfield code="b">Human Kinetics Publishers,</subfield>
      <subfield code="c">1994.</subfield>
    </datafield>
    <datafield tag="300" ind1=" " ind2=" ">
      <subfield code="a">xvi, 399 p. :</subfield>
      <subfield code="b">ill. ;</subfield>
      <subfield code="c">24 cm.</subfield>
    </datafield>
    <datafield tag="504" ind1=" " ind2=" ">
      <subfield code="a">Includes bibliographical references and index.</subfield>
    </datafield>
    <datafield tag="650" ind1=" " ind2="0">
      <subfield code="a">Sports for women.</subfield>
      <subfield code="0">http://id.loc.gov/authorities/subjects/sh85126934</subfield>
    </datafield>
    <datafield tag="650" ind1=" " ind2="0">
      <subfield code="a">Sports for women</subfield>
      <subfield code="x">Social aspects.</subfield>
    </datafield>
    <datafield tag="650" ind1=" " ind2="0">
      <subfield code="a">Sports for women</subfield>
      <subfield code="x">Physiological aspects.</subfield>
    </datafield>
    <datafield tag="650" ind1=" " ind2="0">
      <subfield code="a">Sports for women</subfield>
      <subfield code="x">Psychological aspects.</subfield>
    </datafield>
    <datafield tag="700" ind1="1" ind2=" ">
      <subfield code="a">Costa, D. Margaret,</subfield>
      <subfield code="d">1940-</subfield>
      <subfield code="0">http://id.loc.gov/authorities/names/n93124012</subfield>
    </datafield>
    <datafield tag="700" ind1="1" ind2=" ">
      <subfield code="a">Guthrie, Sharon Ruth,</subfield>
      <subfield code="d">1950-</subfield>
      <subfield code="0">http://id.loc.gov/authorities/names/n90667555</subfield>
    </datafield>
    <datafield tag="852" ind1="0" ind2="0">
      <subfield code="b">firestone</subfield>
      <subfield code="c">stacks</subfield>
      <subfield code="h">GV709</subfield>
      <subfield code="i">.W56 1994</subfield>
      <subfield code="8">22508277590006421</subfield>
    </datafield>
  </record>