
  <record>
    <leader>01071dam a2200313 a 4500</leader>
    <controlfield tag="005">20200802230532.0</controlfield>
    <controlfield tag="008">951115s1995    at a     b    001 0beng  </controlfield>
    <controlfield tag="001">9910156743506421</controlfield>
    <datafield tag="010" ind1=" " ind2=" ">
      <subfield code="a">   95160776  </subfield>
    </datafield>
    <datafield tag="020" ind1=" " ind2=" ">
      <subfield code="a">0522846505</subfield>
    </datafield>
    <datafield tag="035" ind1=" " ind2=" ">
      <subfield code="a">(OCoLC)33104813</subfield>
    </datafield>
    <datafield tag="035" ind1=" " ind2=" ">
      <subfield code="a">(CStRLIN)NJPG95-B71747</subfield>
    </datafield>
    <datafield tag="035" ind1=" " ind2=" ">
      <subfield code="9">CBY8617TS</subfield>
    </datafield>
    <datafield tag="035" ind1=" " ind2=" ">
      <subfield code="a">1015674</subfield>
    </datafield>
    <datafield tag="035" ind1=" " ind2=" ">
      <subfield code="a">(NjP)1015674-princetondb</subfield>
    </datafield>
    <datafield tag="040" ind1=" " ind2=" ">
      <subfield code="a">DLC</subfield>
      <subfield code="c">DLC</subfield>
    </datafield>
    <datafield tag="043" ind1=" " ind2=" ">
      <subfield code="a">u-at---</subfield>
    </datafield>
    <datafield tag="050" ind1="0" ind2="0">
      <subfield code="a">PR9619.2.K4</subfield>
      <subfield code="b">Z53 1995</subfield>
    </datafield>
    <datafield tag="082" ind1="0" ind2="0">
      <subfield code="a">821</subfield>
      <subfield code="a">B</subfield>
      <subfield code="2">20</subfield>
    </datafield>
    <datafield tag="100" ind1="1" ind2=" ">
      <subfield code="a">Ackland, Michael.</subfield>
      <subfield code="0">http://id.loc.gov/authorities/names/n90646060</subfield>
    </datafield>
    <datafield tag="245" ind1="1" ind2="0">
      <subfield code="a">Henry Kendall :</subfield>
      <subfield code="b">the man and the myths /</subfield>
      <subfield code="c">Michael Ackland.</subfield>
    </datafield>
    <datafield tag="260" ind1=" " ind2=" ">
      <subfield code="a">Carlton, Vic. :</subfield>
      <subfield code="b">Miegunyah Press,</subfield>
      <subfield code="c">1995.</subfield>
    </datafield>
    <datafield tag="300" ind1=" " ind2=" ">
      <subfield code="a">xiv, 351 p. :</subfield>
      <subfield code="b">ill. ;</subfield>
      <subfield code="c">24 cm.</subfield>
    </datafield>
    <datafield tag="440" ind1=" " ind2="0">
      <subfield code="a">Miegunyah Press series ;</subfield>
      <subfield code="v">2nd ser., no. 1</subfield>
    </datafield>
    <datafield tag="504" ind1=" " ind2=" ">
      <subfield code="a">Includes bibliographical references (p. 232-335) and index.</subfield>
    </datafield>
    <datafield tag="600" ind1="1" ind2="0">
      <subfield code="a">Kendall, Henry,</subfield>
      <subfield code="d">1839-1882</subfield>
      <subfield code="x">Biography.</subfield>
    </datafield>
    <datafield tag="650" ind1=" " ind2="0">
      <subfield code="a">Poets, Australian</subfield>
      <subfield code="y">19th century</subfield>
      <subfield code="x">Biography.</subfield>
    </datafield>
    <datafield tag="852" ind1="0" ind2="0">
      <subfield code="b">firestone</subfield>
      <subfield code="c">stacks</subfield>
      <subfield code="h">PR9619.2.K4</subfield>
      <subfield code="i">Z53 1995</subfield>
      <subfield code="8">22673354700006421</subfield>
    </datafield>
  </record>