
  <record>
    <leader>00790dam a2200241 a 4500</leader>
    <controlfield tag="005">20200802221043.0</controlfield>
    <controlfield tag="008">951218s1995    enk           000 1 eng d</controlfield>
    <controlfield tag="001">9910244523506421</controlfield>
    <datafield tag="020" ind1=" " ind2=" ">
      <subfield code="a">1857976762</subfield>
    </datafield>
    <datafield tag="035" ind1=" " ind2=" ">
      <subfield code="a">(OCoLC)34741928</subfield>
    </datafield>
    <datafield tag="035" ind1=" " ind2=" ">
      <subfield code="a">(CStRLIN)NJPG95-B79094</subfield>
    </datafield>
    <datafield tag="035" ind1=" " ind2=" ">
      <subfield code="9">CBZ8515TS</subfield>
    </datafield>
    <datafield tag="035" ind1=" " ind2=" ">
      <subfield code="a">1024452</subfield>
    </datafield>
    <datafield tag="035" ind1=" " ind2=" ">
      <subfield code="a">(NjP)1024452-princetondb</subfield>
    </datafield>
    <datafield tag="040" ind1=" " ind2=" ">
      <subfield code="a">NNC</subfield>
      <subfield code="c">NNC</subfield>
    </datafield>
    <datafield tag="050" ind1=" " ind2="4">
      <subfield code="a">PR9499.3.G8957</subfield>
      <subfield code="b">M66 1995g</subfield>
    </datafield>
    <datafield tag="100" ind1="1" ind2=" ">
      <subfield code="a">Gupta, Sunetra.</subfield>
      <subfield code="0">http://id.loc.gov/authorities/names/n91085146</subfield>
    </datafield>
    <datafield tag="245" ind1="1" ind2="0">
      <subfield code="a">Moonlight into marzipan /</subfield>
      <subfield code="c">Sunetra Gupta.</subfield>
    </datafield>
    <datafield tag="260" ind1=" " ind2=" ">
      <subfield code="a">London :</subfield>
      <subfield code="b">Phoenix house,</subfield>
      <subfield code="c">1995.</subfield>
    </datafield>
    <datafield tag="300" ind1=" " ind2=" ">
      <subfield code="a">169 p. ;</subfield>
      <subfield code="c">23 cm.</subfield>
    </datafield>
    <datafield tag="655" ind1=" " ind2="7">
      <subfield code="a">Fiction.</subfield>
      <subfield code="2">lcgft</subfield>
      <subfield code="0">http://id.loc.gov/authorities/genreForms/gf2014026339</subfield>
    </datafield>
    <datafield tag="852" ind1="0" ind2="0">
      <subfield code="b">firestone</subfield>
      <subfield code="c">stacks</subfield>
      <subfield code="h">PR9499.3</subfield>
      <subfield code="i">.G8957</subfield>
      <subfield code="i">M665 1995</subfield>
      <subfield code="8">22747276720006421</subfield>
    </datafield>
  </record>