
  <record>
    <leader>01034dam a2200277   4500</leader>
    <controlfield tag="005">20200802214528.0</controlfield>
    <controlfield tag="008">960422s1967    enk           000 0 eng u</controlfield>
    <controlfield tag="001">9910502473506421</controlfield>
    <datafield tag="010" ind1=" " ind2=" ">
      <subfield code="a">   67108261  </subfield>
    </datafield>
    <datafield tag="035" ind1=" " ind2=" ">
      <subfield code="a">(OCoLC)1483577</subfield>
    </datafield>
    <datafield tag="035" ind1=" " ind2=" ">
      <subfield code="a">(CStRLIN)NJPG96-B22502</subfield>
    </datafield>
    <datafield tag="035" ind1=" " ind2=" ">
      <subfield code="9">CCC7404TS</subfield>
    </datafield>
    <datafield tag="035" ind1=" " ind2=" ">
      <subfield code="a">1050247</subfield>
    </datafield>
    <datafield tag="035" ind1=" " ind2=" ">
      <subfield code="a">(NjP)1050247-princetondb</subfield>
    </datafield>
    <datafield tag="040" ind1=" " ind2=" ">
      <subfield code="c">TYC</subfield>
      <subfield code="d">m.c.</subfield>
      <subfield code="d">m/c</subfield>
      <subfield code="d">OCL</subfield>
      <subfield code="d">ZCU</subfield>
      <subfield code="d">NjP</subfield>
    </datafield>
    <datafield tag="050" ind1=" " ind2=" ">
      <subfield code="a">PZ1.G6527</subfield>
      <subfield code="b">So</subfield>
    </datafield>
    <datafield tag="100" ind1="1" ind2=" ">
      <subfield code="a">Gordimer, Nadine,</subfield>
      <subfield code="e">comp.</subfield>
      <subfield code="0">http://id.loc.gov/authorities/names/n80037754</subfield>
    </datafield>
    <datafield tag="245" ind1="1" ind2="0">
      <subfield code="a">South African writing today;</subfield>
      <subfield code="c">edited by Nadine Gordimer and Lionel Abrahams.</subfield>
    </datafield>
    <datafield tag="260" ind1=" " ind2=" ">
      <subfield code="a">Harmondsworth,</subfield>
      <subfield code="b">Penguin,</subfield>
      <subfield code="c">1967.</subfield>
    </datafield>
    <datafield tag="300" ind1=" " ind2=" ">
      <subfield code="a">264 p.</subfield>
      <subfield code="c">20 cm.</subfield>
    </datafield>
    <datafield tag="650" ind1=" " ind2="0">
      <subfield code="a">South African literature (English)</subfield>
      <subfield code="0">http://id.loc.gov/authorities/subjects/sh85125506</subfield>
    </datafield>
    <datafield tag="700" ind1="1" ind2=" ">
      <subfield code="a">Abrahams, Lionel.</subfield>
      <subfield code="0">http://id.loc.gov/authorities/names/n84193768</subfield>
    </datafield>
    <datafield tag="852" ind1="0" ind2=" ">
      <subfield code="b">f</subfield>
      <subfield code="h">PR9364.9</subfield>
      <subfield code="i">.G673 1967</subfield>
      <subfield code="p">1210754</subfield>
    </datafield>
    <datafield tag="852" ind1="0" ind2="0">
      <subfield code="b">firestone</subfield>
      <subfield code="c">stacks</subfield>
      <subfield code="h">PR9364.9</subfield>
      <subfield code="i">.G673 1967</subfield>
      <subfield code="8">22526456620006421</subfield>
    </datafield>
  </record>