
  <record>
    <leader>01685das a22003971a 4500</leader>
    <controlfield tag="005">20200802214820.0</controlfield>
    <controlfield tag="008">960423d19061907gw wx p       0    0ger d</controlfield>
    <controlfield tag="001">9910518033506421</controlfield>
    <datafield tag="010" ind1=" " ind2=" ">
      <subfield code="a">sn 94042177  </subfield>
    </datafield>
    <datafield tag="035" ind1=" " ind2=" ">
      <subfield code="a">(OCoLC)175707032</subfield>
    </datafield>
    <datafield tag="035" ind1=" " ind2=" ">
      <subfield code="a">(CStRLIN)NJPG96-S1278</subfield>
    </datafield>
    <datafield tag="035" ind1=" " ind2=" ">
      <subfield code="9">CCC8962TS</subfield>
    </datafield>
    <datafield tag="035" ind1=" " ind2=" ">
      <subfield code="a">1051803</subfield>
    </datafield>
    <datafield tag="035" ind1=" " ind2=" ">
      <subfield code="a">(NjP)1051803-princetondb</subfield>
    </datafield>
    <datafield tag="040" ind1=" " ind2=" ">
      <subfield code="a">PPiU</subfield>
      <subfield code="c">PPiU</subfield>
      <subfield code="d">OCoLC</subfield>
      <subfield code="d">InU</subfield>
      <subfield code="d">NjP</subfield>
    </datafield>
    <datafield tag="042" ind1=" " ind2=" ">
      <subfield code="a">lcd</subfield>
    </datafield>
    <datafield tag="245" ind1="0" ind2="0">
      <subfield code="a">Musikalisches Wochenblatt, neue Zeitschrift für Musik.</subfield>
    </datafield>
    <datafield tag="246" ind1="3" ind2="0">
      <subfield code="a">Neue Zeitschrift für Musik</subfield>
    </datafield>
    <datafield tag="246" ind1="3" ind2="0">
      <subfield code="a">Musikalisches Wochenblatt</subfield>
    </datafield>
    <datafield tag="260" ind1=" " ind2=" ">
      <subfield code="a">Leipzig :</subfield>
      <subfield code="b">Verlag von C.F.W. Siegel's Musikalienhandlung,</subfield>
      <subfield code="c">1906-1907.</subfield>
    </datafield>
    <datafield tag="300" ind1=" " ind2=" ">
      <subfield code="a">2 v. :</subfield>
      <subfield code="b">ill. ;</subfield>
      <subfield code="c">29 cm.</subfield>
    </datafield>
    <datafield tag="310" ind1=" " ind2=" ">
      <subfield code="a">Fifty no. a year</subfield>
    </datafield>
    <datafield tag="362" ind1="0" ind2=" ">
      <subfield code="a">37. Jahrg., No. 40 (4. Okt. 1906)-38. Jahrg., No. 51/52 (19. Dez. 1907).</subfield>
    </datafield>
    <datafield tag="500" ind1=" " ind2=" ">
      <subfield code="a">Title from caption.</subfield>
    </datafield>
    <datafield tag="500" ind1=" " ind2=" ">
      <subfield code="a">Publisher: -1907: Kommissions-Verlag von G. Kreysing.</subfield>
    </datafield>
    <datafield tag="515" ind1=" " ind2=" ">
      <subfield code="a">Called also 73. Jahrg., No. 40-74 Jahrg., No. 51/52, continuing the numbering of Neue Zeitschrift für Musik.</subfield>
    </datafield>
    <datafield tag="525" ind1=" " ind2=" ">
      <subfield code="a">Supplements accompany some issues.</subfield>
    </datafield>
    <datafield tag="580" ind1=" " ind2=" ">
      <subfield code="a">Formed by the union of: Musikalisches Wochenblatt, and: Neue Zeitschrift für Musik.</subfield>
    </datafield>
    <datafield tag="650" ind1=" " ind2="0">
      <subfield code="a">Music</subfield>
      <subfield code="v">Periodicals.</subfield>
      <subfield code="0">http://id.loc.gov/authorities/subjects/sh85088772</subfield>
    </datafield>
    <datafield tag="655" ind1=" " ind2="7">
      <subfield code="a">Periodicals.</subfield>
      <subfield code="2">lcgft</subfield>
      <subfield code="0">http://id.loc.gov/authorities/genreForms/gf2014026139</subfield>
    </datafield>
    <datafield tag="780" ind1="1" ind2="4">
      <subfield code="t">Musikalisches Wochenblatt (Leipzig, Germany : 1870)</subfield>
    </datafield>
    <datafield tag="780" ind1="1" ind2="4">
      <subfield code="t">Neue Zeitschrift für Musik (Leipzig, Germany : 1835)</subfield>
    </datafield>
    <datafield tag="785" ind1="0" ind2="0">
      <subfield code="t">Musikalisches Wochenblatt (Leipzig, Germany : 1908)</subfield>
    </datafield>
    <datafield tag="852" ind1="0" ind2="1">
      <subfield code="b">mendel</subfield>
      <subfield code="c">locked</subfield>
      <subfield code="h">ML5</subfield>
      <subfield code="i">.M975</subfield>
      <subfield code="8">22504118220006421</subfield>
    </datafield>
    <datafield tag="866" ind1=" " ind2="0">
      <subfield code="a">37. Jahrg., No. 40 (4. Okt. 1906)-38. Jahrg., No. 51/52 (19. Dez. 1907)</subfield>
      <subfield code="8">22504118220006421</subfield>
    </datafield>
  </record>