
  <record>
    <leader>01303dam a2200337 a 4500</leader>
    <controlfield tag="005">20200803091854.0</controlfield>
    <controlfield tag="008">970107r19941981ilu          s000 0 eng  </controlfield>
    <controlfield tag="001">9911081813506421</controlfield>
    <datafield tag="010" ind1=" " ind2=" ">
      <subfield code="a">   94012175  </subfield>
    </datafield>
    <datafield tag="020" ind1=" " ind2=" ">
      <subfield code="a">0252064151 (paper : acid-free paper)</subfield>
    </datafield>
    <datafield tag="035" ind1=" " ind2=" ">
      <subfield code="a">(OCoLC)30355148</subfield>
    </datafield>
    <datafield tag="035" ind1=" " ind2=" ">
      <subfield code="a">(CStRLIN)NJPG97-B1517</subfield>
    </datafield>
    <datafield tag="035" ind1=" " ind2=" ">
      <subfield code="9">CCK2270TS</subfield>
    </datafield>
    <datafield tag="035" ind1=" " ind2=" ">
      <subfield code="a">1108181</subfield>
    </datafield>
    <datafield tag="035" ind1=" " ind2=" ">
      <subfield code="a">(NjP)1108181-princetondb</subfield>
    </datafield>
    <datafield tag="040" ind1=" " ind2=" ">
      <subfield code="a">DLC</subfield>
      <subfield code="c">DLC</subfield>
      <subfield code="d">DLC</subfield>
    </datafield>
    <datafield tag="043" ind1=" " ind2=" ">
      <subfield code="a">n-us---</subfield>
      <subfield code="a">n-cn---</subfield>
    </datafield>
    <datafield tag="050" ind1="0" ind2="0">
      <subfield code="a">GV706.5</subfield>
      <subfield code="b">.K67 1994</subfield>
    </datafield>
    <datafield tag="082" ind1="0" ind2="0">
      <subfield code="a">306.4/83/0973</subfield>
      <subfield code="2">20</subfield>
    </datafield>
    <datafield tag="100" ind1="1" ind2=" ">
      <subfield code="a">Koppett, Leonard.</subfield>
      <subfield code="0">http://id.loc.gov/authorities/names/n50043264</subfield>
    </datafield>
    <datafield tag="245" ind1="1" ind2="0">
      <subfield code="a">Sports illusion, sports reality :</subfield>
      <subfield code="b">a reporter's view of sports, journalism, and society /</subfield>
      <subfield code="c">Leonard Koppett.</subfield>
    </datafield>
    <datafield tag="260" ind1=" " ind2=" ">
      <subfield code="a">Urbana :</subfield>
      <subfield code="b">University of Illinois Press,</subfield>
      <subfield code="c">c1994.</subfield>
    </datafield>
    <datafield tag="300" ind1=" " ind2=" ">
      <subfield code="a">xiv, 295 p. ;</subfield>
      <subfield code="c">23 cm.</subfield>
    </datafield>
    <datafield tag="500" ind1=" " ind2=" ">
      <subfield code="a">Originally published: Boston : Houghton Mifflin, 1981. With new pref.</subfield>
    </datafield>
    <datafield tag="650" ind1=" " ind2="0">
      <subfield code="a">Sports</subfield>
      <subfield code="x">Social aspects</subfield>
      <subfield code="z">United States.</subfield>
      <subfield code="0">http://id.loc.gov/authorities/subjects/sh2008111583</subfield>
    </datafield>
    <datafield tag="650" ind1=" " ind2="0">
      <subfield code="a">Sports journalism</subfield>
      <subfield code="z">United States.</subfield>
    </datafield>
    <datafield tag="650" ind1=" " ind2="0">
      <subfield code="a">Mass media</subfield>
      <subfield code="x">Social aspects</subfield>
      <subfield code="z">Canada.</subfield>
    </datafield>
    <datafield tag="650" ind1=" " ind2="0">
      <subfield code="a">Sports journalism</subfield>
      <subfield code="z">Canada.</subfield>
    </datafield>
    <datafield tag="650" ind1=" " ind2="0">
      <subfield code="a">Mass media</subfield>
      <subfield code="x">Social aspects</subfield>
      <subfield code="z">Canada.</subfield>
    </datafield>
    <datafield tag="852" ind1="0" ind2="0">
      <subfield code="b">firestone</subfield>
      <subfield code="c">stacks</subfield>
      <subfield code="h">GV706.5</subfield>
      <subfield code="i">.K67 1994</subfield>
      <subfield code="8">22578039710006421</subfield>
    </datafield>
  </record>