
  <record>
    <leader>00863dam a22002778a 4500</leader>
    <controlfield tag="005">20200803112637.0</controlfield>
    <controlfield tag="008">970624s1997    nyu           000 0 eng  </controlfield>
    <controlfield tag="001">9911518753506421</controlfield>
    <datafield tag="010" ind1=" " ind2=" ">
      <subfield code="a">   96038242  </subfield>
    </datafield>
    <datafield tag="020" ind1=" " ind2=" ">
      <subfield code="a">0393040577</subfield>
    </datafield>
    <datafield tag="035" ind1=" " ind2=" ">
      <subfield code="a">(OCoLC)35270005</subfield>
    </datafield>
    <datafield tag="035" ind1=" " ind2=" ">
      <subfield code="a">(CStRLIN)NJPG97-B35746</subfield>
    </datafield>
    <datafield tag="035" ind1=" " ind2=" ">
      <subfield code="9">CCQ1013TS</subfield>
    </datafield>
    <datafield tag="035" ind1=" " ind2=" ">
      <subfield code="a">1151875</subfield>
    </datafield>
    <datafield tag="035" ind1=" " ind2=" ">
      <subfield code="a">(NjP)1151875-princetondb</subfield>
    </datafield>
    <datafield tag="040" ind1=" " ind2=" ">
      <subfield code="a">DLC</subfield>
      <subfield code="c">DLC</subfield>
    </datafield>
    <datafield tag="043" ind1=" " ind2=" ">
      <subfield code="a">a-ii---</subfield>
    </datafield>
    <datafield tag="050" ind1="0" ind2="0">
      <subfield code="a">PR9499.3.A39</subfield>
      <subfield code="b">C68 1997</subfield>
    </datafield>
    <datafield tag="082" ind1="0" ind2="0">
      <subfield code="a">821</subfield>
      <subfield code="2">20</subfield>
    </datafield>
    <datafield tag="100" ind1="1" ind2=" ">
      <subfield code="a">Agha, Shahid Ali,</subfield>
      <subfield code="d">1949-2001.</subfield>
      <subfield code="0">http://id.loc.gov/authorities/names/n85146948</subfield>
    </datafield>
    <datafield tag="245" ind1="1" ind2="4">
      <subfield code="a">The country without a post office :</subfield>
      <subfield code="b">poems /</subfield>
      <subfield code="c">Agha Shahid Ali.</subfield>
    </datafield>
    <datafield tag="260" ind1=" " ind2=" ">
      <subfield code="a">New York :</subfield>
      <subfield code="b">W.W. Norton,</subfield>
      <subfield code="c">1997.</subfield>
    </datafield>
    <datafield tag="300" ind1=" " ind2=" ">
      <subfield code="a">95 p. ;</subfield>
      <subfield code="c">22 cm.</subfield>
    </datafield>
    <datafield tag="651" ind1=" " ind2="0">
      <subfield code="a">Jammu and Kashmir (India)</subfield>
      <subfield code="x">Poetry.</subfield>
    </datafield>
    <datafield tag="852" ind1="0" ind2="0">
      <subfield code="b">firestone</subfield>
      <subfield code="c">stacks</subfield>
      <subfield code="h">PR9499.3.A39</subfield>
      <subfield code="i">C68 1997</subfield>
      <subfield code="8">22656592860006421</subfield>
    </datafield>
  </record>