
  <record>
    <leader>00745dam a2200241 a 4500</leader>
    <controlfield tag="005">20200803113049.0</controlfield>
    <controlfield tag="008">970605s1997    enk           000 0 eng d</controlfield>
    <controlfield tag="001">9911544113506421</controlfield>
    <datafield tag="020" ind1=" " ind2=" ">
      <subfield code="a">0330350587 (hardback)</subfield>
    </datafield>
    <datafield tag="020" ind1=" " ind2=" ">
      <subfield code="a">0330350595 (paperback)</subfield>
    </datafield>
    <datafield tag="035" ind1=" " ind2=" ">
      <subfield code="a">(OCoLC)36795567</subfield>
    </datafield>
    <datafield tag="035" ind1=" " ind2=" ">
      <subfield code="a">(CStRLIN)NJPG97-B32142</subfield>
    </datafield>
    <datafield tag="035" ind1=" " ind2=" ">
      <subfield code="9">CCQ4578TS</subfield>
    </datafield>
    <datafield tag="035" ind1=" " ind2=" ">
      <subfield code="a">1154411</subfield>
    </datafield>
    <datafield tag="035" ind1=" " ind2=" ">
      <subfield code="a">(NjP)1154411-princetondb</subfield>
    </datafield>
    <datafield tag="040" ind1=" " ind2=" ">
      <subfield code="a">NjP</subfield>
      <subfield code="c">NjP</subfield>
    </datafield>
    <datafield tag="050" ind1=" " ind2="4">
      <subfield code="a">PR6068.O1925</subfield>
      <subfield code="b">P34 1997</subfield>
    </datafield>
    <datafield tag="100" ind1="1" ind2=" ">
      <subfield code="a">Robertson, Robin,</subfield>
      <subfield code="d">1955-</subfield>
      <subfield code="0">http://id.loc.gov/authorities/names/nr97024217</subfield>
    </datafield>
    <datafield tag="245" ind1="1" ind2="2">
      <subfield code="a">A painted field /</subfield>
      <subfield code="c">Robin Robertson.</subfield>
    </datafield>
    <datafield tag="260" ind1=" " ind2=" ">
      <subfield code="a">London :</subfield>
      <subfield code="b">Picador,</subfield>
      <subfield code="c">1997.</subfield>
    </datafield>
    <datafield tag="300" ind1=" " ind2=" ">
      <subfield code="a">93 p. ;</subfield>
      <subfield code="c">21 cm.</subfield>
    </datafield>
    <datafield tag="852" ind1="0" ind2="0">
      <subfield code="b">firestone</subfield>
      <subfield code="c">stacks</subfield>
      <subfield code="h">PR6068.O1925</subfield>
      <subfield code="i">P34 1997</subfield>
      <subfield code="8">22487261230006421</subfield>
    </datafield>
  </record>