
  <record>
    <leader>00741dam a2200229 a 4500</leader>
    <controlfield tag="005">20200803131942.0</controlfield>
    <controlfield tag="008">970910s1997    enk           000 1 eng d</controlfield>
    <controlfield tag="001">9911739253506421</controlfield>
    <datafield tag="020" ind1=" " ind2=" ">
      <subfield code="a">0718142551</subfield>
    </datafield>
    <datafield tag="035" ind1=" " ind2=" ">
      <subfield code="a">(OCoLC)37696947</subfield>
    </datafield>
    <datafield tag="035" ind1=" " ind2=" ">
      <subfield code="a">(CStRLIN)NJPG97-B51411</subfield>
    </datafield>
    <datafield tag="035" ind1=" " ind2=" ">
      <subfield code="9">CCS5910TS</subfield>
    </datafield>
    <datafield tag="035" ind1=" " ind2=" ">
      <subfield code="a">1173925</subfield>
    </datafield>
    <datafield tag="035" ind1=" " ind2=" ">
      <subfield code="a">(NjP)1173925-princetondb</subfield>
    </datafield>
    <datafield tag="040" ind1=" " ind2=" ">
      <subfield code="a">NjP</subfield>
      <subfield code="c">NjP</subfield>
    </datafield>
    <datafield tag="100" ind1="1" ind2=" ">
      <subfield code="a">Tan, Hwee Hwee,</subfield>
      <subfield code="d">1974-</subfield>
      <subfield code="0">http://id.loc.gov/authorities/names/nr97032943</subfield>
    </datafield>
    <datafield tag="245" ind1="1" ind2="0">
      <subfield code="a">Foreign bodies /</subfield>
      <subfield code="c">Hwee Hwee Tan.</subfield>
    </datafield>
    <datafield tag="260" ind1=" " ind2=" ">
      <subfield code="a">London :</subfield>
      <subfield code="b">M. Joseph,</subfield>
      <subfield code="c">1997.</subfield>
    </datafield>
    <datafield tag="300" ind1=" " ind2=" ">
      <subfield code="a">278 p. ;</subfield>
      <subfield code="c">21 cm.</subfield>
    </datafield>
    <datafield tag="655" ind1=" " ind2="7">
      <subfield code="a">Fiction.</subfield>
      <subfield code="2">lcgft</subfield>
      <subfield code="0">http://id.loc.gov/authorities/genreForms/gf2014026339</subfield>
    </datafield>
    <datafield tag="852" ind1="0" ind2="0">
      <subfield code="b">firestone</subfield>
      <subfield code="c">stacks</subfield>
      <subfield code="h">PR6070.A47</subfield>
      <subfield code="i">F67 1997</subfield>
      <subfield code="8">22703002400006421</subfield>
    </datafield>
  </record>