
  <record>
    <leader>01147dam a2200301 a 4500</leader>
    <controlfield tag="005">20200803115029.0</controlfield>
    <controlfield tag="008">971029s1996    inua          000 0 eng  </controlfield>
    <controlfield tag="001">9911853923506421</controlfield>
    <datafield tag="010" ind1=" " ind2=" ">
      <subfield code="a">   96019528  </subfield>
    </datafield>
    <datafield tag="020" ind1=" " ind2=" ">
      <subfield code="a">0912083964</subfield>
    </datafield>
    <datafield tag="020" ind1=" " ind2=" ">
      <subfield code="a">1888698055</subfield>
    </datafield>
    <datafield tag="035" ind1=" " ind2=" ">
      <subfield code="a">(CStRLIN)NJPG97-B61102</subfield>
    </datafield>
    <datafield tag="035" ind1=" " ind2=" ">
      <subfield code="9">CCT8706TS</subfield>
    </datafield>
    <datafield tag="035" ind1=" " ind2=" ">
      <subfield code="a">1185392</subfield>
    </datafield>
    <datafield tag="035" ind1=" " ind2=" ">
      <subfield code="a">(OCoLC)ocm34633441</subfield>
    </datafield>
    <datafield tag="035" ind1=" " ind2=" ">
      <subfield code="a">(NjP)1185392-princetondb</subfield>
    </datafield>
    <datafield tag="040" ind1=" " ind2=" ">
      <subfield code="a">DLC</subfield>
      <subfield code="c">DLC</subfield>
      <subfield code="d">DLC</subfield>
    </datafield>
    <datafield tag="043" ind1=" " ind2=" ">
      <subfield code="a">n-us---</subfield>
    </datafield>
    <datafield tag="050" ind1="0" ind2="0">
      <subfield code="a">GV716</subfield>
      <subfield code="b">.S45 1996</subfield>
    </datafield>
    <datafield tag="082" ind1="0" ind2="0">
      <subfield code="a">338.4/7796/0973</subfield>
      <subfield code="2">20</subfield>
    </datafield>
    <datafield tag="100" ind1="1" ind2=" ">
      <subfield code="a">Sheehan, Richard G.</subfield>
      <subfield code="q">(Richard Gerard),</subfield>
      <subfield code="d">1949-</subfield>
      <subfield code="0">http://id.loc.gov/authorities/names/n96038325</subfield>
    </datafield>
    <datafield tag="245" ind1="1" ind2="0">
      <subfield code="a">Keeping score :</subfield>
      <subfield code="b">the economics of big-time sports /</subfield>
      <subfield code="c">by Richard G. Sheehan.</subfield>
    </datafield>
    <datafield tag="260" ind1=" " ind2=" ">
      <subfield code="a">South Bend, Ind. :</subfield>
      <subfield code="b">Diamond Communications,</subfield>
      <subfield code="c">1996.</subfield>
    </datafield>
    <datafield tag="300" ind1=" " ind2=" ">
      <subfield code="a">xi, 339 p. :</subfield>
      <subfield code="b">ill. ;</subfield>
      <subfield code="c">24 cm.</subfield>
    </datafield>
    <datafield tag="650" ind1=" " ind2="0">
      <subfield code="a">Sports</subfield>
      <subfield code="x">Economic aspects</subfield>
      <subfield code="z">United States.</subfield>
      <subfield code="0">http://id.loc.gov/authorities/subjects/sh2010114512</subfield>
    </datafield>
    <datafield tag="650" ind1=" " ind2="0">
      <subfield code="a">Professional sports</subfield>
      <subfield code="x">Economic aspects</subfield>
      <subfield code="z">United States.</subfield>
      <subfield code="0">http://id.loc.gov/authorities/subjects/sh2010108590</subfield>
    </datafield>
    <datafield tag="852" ind1="0" ind2="0">
      <subfield code="b">firestone</subfield>
      <subfield code="c">stacks</subfield>
      <subfield code="h">GV716</subfield>
      <subfield code="i">.S45 1996</subfield>
      <subfield code="8">22654607790006421</subfield>
    </datafield>
  </record>