
  <record>
    <leader>00719dam a2200217   4500</leader>
    <controlfield tag="005">20200803155150.0</controlfield>
    <controlfield tag="008">770423s1932    nyu           000 0 eng d</controlfield>
    <controlfield tag="001">9912647763506421</controlfield>
    <datafield tag="035" ind1=" " ind2=" ">
      <subfield code="a">(OCoLC)ocm02910414</subfield>
    </datafield>
    <datafield tag="035" ind1=" " ind2=" ">
      <subfield code="9">CDQ7105TS</subfield>
    </datafield>
    <datafield tag="035" ind1=" " ind2=" ">
      <subfield code="a">1264776</subfield>
    </datafield>
    <datafield tag="035" ind1=" " ind2=" ">
      <subfield code="a">(NjP)1264776-princetondb</subfield>
    </datafield>
    <datafield tag="040" ind1=" " ind2=" ">
      <subfield code="a">DMM</subfield>
      <subfield code="c">DMM</subfield>
      <subfield code="d">CKM</subfield>
      <subfield code="d">PUL</subfield>
    </datafield>
    <datafield tag="092" ind1=" " ind2=" ">
      <subfield code="a">797.123</subfield>
      <subfield code="b">K29</subfield>
    </datafield>
    <datafield tag="100" ind1="1" ind2=" ">
      <subfield code="a">Kelley, Robert F.</subfield>
    </datafield>
    <datafield tag="245" ind1="1" ind2="0">
      <subfield code="a">American rowing;</subfield>
      <subfield code="b">its background and traditions,</subfield>
      <subfield code="c">by Robert F. Kelley; with a foreword by Edward O. Leader.</subfield>
    </datafield>
    <datafield tag="260" ind1=" " ind2=" ">
      <subfield code="a">New York,</subfield>
      <subfield code="a">London,</subfield>
      <subfield code="b">G. P. Putnam's sons,</subfield>
      <subfield code="c">1932.</subfield>
    </datafield>
    <datafield tag="300" ind1=" " ind2=" ">
      <subfield code="a">xiv, 271 p.</subfield>
      <subfield code="b">front., plates, ports.</subfield>
      <subfield code="c">24 cm.</subfield>
    </datafield>
    <datafield tag="650" ind1=" " ind2="0">
      <subfield code="a">Rowing</subfield>
      <subfield code="z">United States.</subfield>
    </datafield>
    <datafield tag="852" ind1="0" ind2=" ">
      <subfield code="b">f</subfield>
      <subfield code="h">GV796</subfield>
      <subfield code="i">.K455 1932</subfield>
      <subfield code="p">1451626</subfield>
    </datafield>
    <datafield tag="852" ind1="0" ind2="0">
      <subfield code="b">firestone</subfield>
      <subfield code="c">stacks</subfield>
      <subfield code="h">GV796</subfield>
      <subfield code="i">.K455 1932</subfield>
      <subfield code="8">22581533950006421</subfield>
    </datafield>
  </record>