
  <record>
    <leader>00793dam a2200253   4500</leader>
    <controlfield tag="005">20200803155151.0</controlfield>
    <controlfield tag="008">770924s1950    ctua          000 0 eng  </controlfield>
    <controlfield tag="001">9912647823506421</controlfield>
    <datafield tag="010" ind1=" " ind2=" ">
      <subfield code="a">   50007070  </subfield>
    </datafield>
    <datafield tag="035" ind1=" " ind2=" ">
      <subfield code="a">(OCoLC)ocm03292259</subfield>
    </datafield>
    <datafield tag="035" ind1=" " ind2=" ">
      <subfield code="9">CDQ7111TS</subfield>
    </datafield>
    <datafield tag="035" ind1=" " ind2=" ">
      <subfield code="a">1264782</subfield>
    </datafield>
    <datafield tag="035" ind1=" " ind2=" ">
      <subfield code="a">(NjP)1264782-princetondb</subfield>
    </datafield>
    <datafield tag="040" ind1=" " ind2=" ">
      <subfield code="a">DLC</subfield>
      <subfield code="c">OCP</subfield>
      <subfield code="d">XBM</subfield>
      <subfield code="d">PUL</subfield>
    </datafield>
    <datafield tag="050" ind1="0" ind2=" ">
      <subfield code="a">GV837</subfield>
      <subfield code="b">.K49</subfield>
    </datafield>
    <datafield tag="082" ind1=" " ind2=" ">
      <subfield code="a">797.2</subfield>
    </datafield>
    <datafield tag="100" ind1="1" ind2=" ">
      <subfield code="a">Kiphuth, Robert John Herman,</subfield>
      <subfield code="d">1890-</subfield>
    </datafield>
    <datafield tag="245" ind1="1" ind2="0">
      <subfield code="a">Basic swimming,</subfield>
      <subfield code="c">by Robert Kiphuth and Harry M. Burke.</subfield>
    </datafield>
    <datafield tag="260" ind1=" " ind2=" ">
      <subfield code="a">New Haven,</subfield>
      <subfield code="b">Yale University Press,</subfield>
      <subfield code="c">1950.</subfield>
    </datafield>
    <datafield tag="300" ind1=" " ind2=" ">
      <subfield code="a">viii, 125 p.</subfield>
      <subfield code="b">illus.</subfield>
      <subfield code="c">24 cm.</subfield>
    </datafield>
    <datafield tag="650" ind1=" " ind2="0">
      <subfield code="a">Swimming.</subfield>
      <subfield code="0">http://id.loc.gov/authorities/subjects/sh85131207</subfield>
    </datafield>
    <datafield tag="700" ind1="1" ind2=" ">
      <subfield code="a">Burke, Harry M.,</subfield>
      <subfield code="e">author.</subfield>
    </datafield>
    <datafield tag="852" ind1="0" ind2=" ">
      <subfield code="b">f</subfield>
      <subfield code="h">GV837</subfield>
      <subfield code="i">.K49 1950</subfield>
      <subfield code="p">1451633</subfield>
    </datafield>
    <datafield tag="852" ind1="0" ind2="0">
      <subfield code="b">firestone</subfield>
      <subfield code="c">stacks</subfield>
      <subfield code="h">GV837</subfield>
      <subfield code="i">.K49 1950</subfield>
      <subfield code="8">22581552040006421</subfield>
    </datafield>
  </record>