
  <record>
    <leader>01019dam a2200277   4500</leader>
    <controlfield tag="005">20200803182135.0</controlfield>
    <controlfield tag="008">730621s1905    nyu           000 0 eng c</controlfield>
    <controlfield tag="001">9912973943506421</controlfield>
    <datafield tag="010" ind1=" " ind2=" ">
      <subfield code="a">   05038501  </subfield>
    </datafield>
    <datafield tag="035" ind1=" " ind2=" ">
      <subfield code="a">(OCoLC)ocm00645155</subfield>
    </datafield>
    <datafield tag="035" ind1=" " ind2=" ">
      <subfield code="9">CDU0168TS</subfield>
    </datafield>
    <datafield tag="035" ind1=" " ind2=" ">
      <subfield code="a">1297394</subfield>
    </datafield>
    <datafield tag="035" ind1=" " ind2=" ">
      <subfield code="a">(NjP)1297394-princetondb</subfield>
    </datafield>
    <datafield tag="040" ind1=" " ind2=" ">
      <subfield code="a">KSU</subfield>
      <subfield code="c">KSU</subfield>
      <subfield code="d">PUL</subfield>
    </datafield>
    <datafield tag="050" ind1="0" ind2=" ">
      <subfield code="a">GV795</subfield>
      <subfield code="b">.C94</subfield>
    </datafield>
    <datafield tag="100" ind1="1" ind2=" ">
      <subfield code="a">Crowther, Samuel,</subfield>
      <subfield code="d">1880-</subfield>
    </datafield>
    <datafield tag="245" ind1="1" ind2="0">
      <subfield code="a">Rowing and Track athletics;</subfield>
      <subfield code="c">Rowing, by Samuel Crowther; Track athletics, by Arthur Ruhl.</subfield>
    </datafield>
    <datafield tag="260" ind1=" " ind2=" ">
      <subfield code="a">New York,</subfield>
      <subfield code="a">London,</subfield>
      <subfield code="b">Macmillan company,</subfield>
      <subfield code="c">1905.</subfield>
    </datafield>
    <datafield tag="300" ind1=" " ind2=" ">
      <subfield code="a">ix, 449 p.</subfield>
      <subfield code="b">illus.</subfield>
      <subfield code="c">21 cm.</subfield>
    </datafield>
    <datafield tag="440" ind1=" " ind2="4">
      <subfield code="a">The American sportsman's library</subfield>
    </datafield>
    <datafield tag="650" ind1=" " ind2="0">
      <subfield code="a">Rowing</subfield>
      <subfield code="z">United States.</subfield>
    </datafield>
    <datafield tag="650" ind1=" " ind2="0">
      <subfield code="a">College sports.</subfield>
      <subfield code="0">http://id.loc.gov/authorities/subjects/sh85028338</subfield>
    </datafield>
    <datafield tag="650" ind1=" " ind2="0">
      <subfield code="a">Track and field.</subfield>
      <subfield code="0">http://id.loc.gov/authorities/subjects/sh85136443</subfield>
    </datafield>
    <datafield tag="700" ind1="1" ind2=" ">
      <subfield code="a">Ruhl, Arthur,</subfield>
      <subfield code="d">1876-1935.</subfield>
      <subfield code="0">http://id.loc.gov/authorities/names/no95045448</subfield>
    </datafield>
    <datafield tag="852" ind1="0" ind2=" ">
      <subfield code="b">f</subfield>
      <subfield code="h">GV796</subfield>
      <subfield code="i">.C769 1905</subfield>
      <subfield code="p">1490529</subfield>
    </datafield>
    <datafield tag="852" ind1="0" ind2="0">
      <subfield code="b">firestone</subfield>
      <subfield code="c">stacks</subfield>
      <subfield code="h">GV796</subfield>
      <subfield code="i">.C769 1905</subfield>
      <subfield code="8">22533839720006421</subfield>
    </datafield>
  </record>