
  <record>
    <leader>00780dam a2200277   4500</leader>
    <controlfield tag="005">20200803183536.0</controlfield>
    <controlfield tag="008">740417s1973    stkacgh      f000 0 eng  </controlfield>
    <controlfield tag="001">9913086503506421</controlfield>
    <datafield tag="010" ind1=" " ind2=" ">
      <subfield code="a">   74162038 //r852 </subfield>
    </datafield>
    <datafield tag="015" ind1=" " ind2=" ">
      <subfield code="a">GB74-01726</subfield>
    </datafield>
    <datafield tag="020" ind1=" " ind2=" ">
      <subfield code="a">090306510X</subfield>
    </datafield>
    <datafield tag="035" ind1=" " ind2=" ">
      <subfield code="a">(OCoLC)ocm00898687</subfield>
    </datafield>
    <datafield tag="035" ind1=" " ind2=" ">
      <subfield code="9">CDV1561TS</subfield>
    </datafield>
    <datafield tag="035" ind1=" " ind2=" ">
      <subfield code="a">1308650</subfield>
    </datafield>
    <datafield tag="035" ind1=" " ind2=" ">
      <subfield code="a">(NjP)1308650-princetondb</subfield>
    </datafield>
    <datafield tag="040" ind1=" " ind2=" ">
      <subfield code="a">DLC</subfield>
      <subfield code="c">DLC</subfield>
      <subfield code="d">PUL</subfield>
    </datafield>
    <datafield tag="043" ind1=" " ind2=" ">
      <subfield code="a">e-uk-st</subfield>
    </datafield>
    <datafield tag="050" ind1="0" ind2=" ">
      <subfield code="a">GV605.2</subfield>
      <subfield code="b">.W39</subfield>
    </datafield>
    <datafield tag="082" ind1="0" ind2=" ">
      <subfield code="a">796/.09411</subfield>
      <subfield code="2">19</subfield>
    </datafield>
    <datafield tag="100" ind1="1" ind2=" ">
      <subfield code="a">Webster, David Pirie.</subfield>
      <subfield code="0">http://id.loc.gov/authorities/names/n81066755</subfield>
    </datafield>
    <datafield tag="245" ind1="1" ind2="0">
      <subfield code="a">Scottish Highland games.</subfield>
    </datafield>
    <datafield tag="260" ind1=" " ind2=" ">
      <subfield code="a">Edinburgh,</subfield>
      <subfield code="b">Reprographia,</subfield>
      <subfield code="c">1973.</subfield>
    </datafield>
    <datafield tag="300" ind1=" " ind2=" ">
      <subfield code="a">143 p.</subfield>
      <subfield code="b">illus., facsims., music, ports.</subfield>
      <subfield code="c">26 cm.</subfield>
    </datafield>
    <datafield tag="611" ind1="2" ind2="0">
      <subfield code="a">Highland games</subfield>
      <subfield code="z">Scotland.</subfield>
    </datafield>
    <datafield tag="740" ind1="0" ind2=" ">
      <subfield code="a">Highland games.</subfield>
    </datafield>
    <datafield tag="852" ind1="0" ind2="0">
      <subfield code="b">firestone</subfield>
      <subfield code="c">stacks</subfield>
      <subfield code="h">GV605.2.W39</subfield>
      <subfield code="8">22711043720006421</subfield>
    </datafield>
  </record>