
  <record>
    <leader>00700dam a22002291  4500</leader>
    <controlfield tag="005">20200803175233.0</controlfield>
    <controlfield tag="008">740514s1967    nyu           000 0 eng  </controlfield>
    <controlfield tag="001">9913176793506421</controlfield>
    <datafield tag="010" ind1=" " ind2=" ">
      <subfield code="a">   67011127  </subfield>
    </datafield>
    <datafield tag="035" ind1=" " ind2=" ">
      <subfield code="a">(OCoLC)ocm01129713</subfield>
    </datafield>
    <datafield tag="035" ind1=" " ind2=" ">
      <subfield code="9">CDW0694TS</subfield>
    </datafield>
    <datafield tag="035" ind1=" " ind2=" ">
      <subfield code="a">1317679</subfield>
    </datafield>
    <datafield tag="035" ind1=" " ind2=" ">
      <subfield code="a">(NjP)1317679-princetondb</subfield>
    </datafield>
    <datafield tag="040" ind1=" " ind2=" ">
      <subfield code="a">DLC</subfield>
      <subfield code="c">DLC</subfield>
      <subfield code="d">PUL</subfield>
    </datafield>
    <datafield tag="050" ind1="0" ind2=" ">
      <subfield code="a">PZ4.H4316</subfield>
      <subfield code="b">Pe</subfield>
    </datafield>
    <datafield tag="100" ind1="1" ind2=" ">
      <subfield code="a">Hazzard, Shirley,</subfield>
      <subfield code="d">1931-2016.</subfield>
      <subfield code="0">http://id.loc.gov/authorities/names/n79108321</subfield>
    </datafield>
    <datafield tag="245" ind1="1" ind2="0">
      <subfield code="a">People in glass houses;</subfield>
      <subfield code="b">portraits from organization life.</subfield>
    </datafield>
    <datafield tag="250" ind1=" " ind2=" ">
      <subfield code="a">[1st ed.]</subfield>
    </datafield>
    <datafield tag="260" ind1=" " ind2=" ">
      <subfield code="a">New York,</subfield>
      <subfield code="b">Knopf,</subfield>
      <subfield code="c">1967.</subfield>
    </datafield>
    <datafield tag="300" ind1=" " ind2=" ">
      <subfield code="a">179 p.</subfield>
      <subfield code="c">22 cm.</subfield>
    </datafield>
    <datafield tag="852" ind1="0" ind2=" ">
      <subfield code="b">f</subfield>
      <subfield code="h">PR9619.3.H369</subfield>
      <subfield code="i">P467 1967</subfield>
      <subfield code="p">1512932</subfield>
    </datafield>
    <datafield tag="852" ind1="0" ind2="0">
      <subfield code="b">firestone</subfield>
      <subfield code="c">stacks</subfield>
      <subfield code="h">PR9619.3.H369</subfield>
      <subfield code="i">P467 1967</subfield>
      <subfield code="8">22517166220006421</subfield>
    </datafield>
  </record>