
  <record>
    <leader>01194dam a2200313   4500</leader>
    <controlfield tag="005">20200803191654.0</controlfield>
    <controlfield tag="008">700122s1969    enk      b    001 0 eng  </controlfield>
    <controlfield tag="001">9913450683506421</controlfield>
    <datafield tag="010" ind1=" " ind2=" ">
      <subfield code="a">   70437885 //r90 </subfield>
    </datafield>
    <datafield tag="015" ind1=" " ind2=" ">
      <subfield code="a">B69-20495</subfield>
    </datafield>
    <datafield tag="020" ind1=" " ind2=" ">
      <subfield code="a">0710063954</subfield>
    </datafield>
    <datafield tag="035" ind1=" " ind2=" ">
      <subfield code="a">(OCoLC)ocm00053290</subfield>
    </datafield>
    <datafield tag="035" ind1=" " ind2=" ">
      <subfield code="9">CDY8455TS</subfield>
    </datafield>
    <datafield tag="035" ind1=" " ind2=" ">
      <subfield code="a">1345068</subfield>
    </datafield>
    <datafield tag="035" ind1=" " ind2=" ">
      <subfield code="a">(NjP)1345068-princetondb</subfield>
    </datafield>
    <datafield tag="040" ind1=" " ind2=" ">
      <subfield code="a">DLC</subfield>
      <subfield code="c">DLC</subfield>
      <subfield code="d">UKM</subfield>
      <subfield code="d">PUL</subfield>
    </datafield>
    <datafield tag="050" ind1="0" ind2="0">
      <subfield code="a">GV605</subfield>
      <subfield code="b">.B68</subfield>
    </datafield>
    <datafield tag="082" ind1="0" ind2="0">
      <subfield code="a">301.5/8</subfield>
    </datafield>
    <datafield tag="100" ind1="1" ind2=" ">
      <subfield code="a">Brailsford, Dennis,</subfield>
      <subfield code="d">1925-</subfield>
      <subfield code="0">http://id.loc.gov/authorities/names/n89666405</subfield>
    </datafield>
    <datafield tag="245" ind1="1" ind2="0">
      <subfield code="a">Sport and society:</subfield>
      <subfield code="b">Elizabeth to Anne.</subfield>
    </datafield>
    <datafield tag="260" ind1=" " ind2=" ">
      <subfield code="a">London,</subfield>
      <subfield code="b">Routledge &amp; K. Paul,</subfield>
      <subfield code="a">Toronto,</subfield>
      <subfield code="b">University of Toronto P.,</subfield>
      <subfield code="c">1969.</subfield>
    </datafield>
    <datafield tag="300" ind1=" " ind2=" ">
      <subfield code="a">vii, 279 p.</subfield>
      <subfield code="c">23 cm.</subfield>
    </datafield>
    <datafield tag="490" ind1="0" ind2=" ">
      <subfield code="a">Studies in social history</subfield>
    </datafield>
    <datafield tag="504" ind1=" " ind2=" ">
      <subfield code="a">Bibliography: p. 263-272.</subfield>
    </datafield>
    <datafield tag="650" ind1=" " ind2="0">
      <subfield code="a">Sports</subfield>
      <subfield code="z">Great Britain.</subfield>
      <subfield code="0">http://id.loc.gov/authorities/subjects/sh2010114537</subfield>
    </datafield>
    <datafield tag="650" ind1=" " ind2="0">
      <subfield code="a">Physical education and training</subfield>
      <subfield code="z">Great Britain.</subfield>
      <subfield code="0">http://id.loc.gov/authorities/subjects/sh2010106217</subfield>
    </datafield>
    <datafield tag="651" ind1=" " ind2="0">
      <subfield code="a">Great Britain</subfield>
      <subfield code="x">Social life and customs</subfield>
      <subfield code="y">17th century.</subfield>
      <subfield code="0">http://id.loc.gov/authorities/subjects/sh85056950</subfield>
    </datafield>
    <datafield tag="852" ind1="0" ind2=" ">
      <subfield code="b">f</subfield>
      <subfield code="h">GV605</subfield>
      <subfield code="i">.B735 1969</subfield>
      <subfield code="p">1544647</subfield>
    </datafield>
    <datafield tag="852" ind1="0" ind2="0">
      <subfield code="b">firestone</subfield>
      <subfield code="c">stacks</subfield>
      <subfield code="h">GV605</subfield>
      <subfield code="i">.B735 1969</subfield>
      <subfield code="8">22724468600006421</subfield>
    </datafield>
  </record>