
  <record>
    <leader>00977dam a2200277   4500</leader>
    <controlfield tag="005">20200803220149.0</controlfield>
    <controlfield tag="008">750604s1951    nyu           000 0 eng u</controlfield>
    <controlfield tag="001">9914626193506421</controlfield>
    <datafield tag="010" ind1=" " ind2=" ">
      <subfield code="a">   51010369  </subfield>
    </datafield>
    <datafield tag="035" ind1=" " ind2=" ">
      <subfield code="a">(OCoLC)ocm01373258</subfield>
    </datafield>
    <datafield tag="035" ind1=" " ind2=" ">
      <subfield code="9">CEL7701TS</subfield>
    </datafield>
    <datafield tag="035" ind1=" " ind2=" ">
      <subfield code="a">1462619</subfield>
    </datafield>
    <datafield tag="035" ind1=" " ind2=" ">
      <subfield code="a">(NjP)1462619-princetondb</subfield>
    </datafield>
    <datafield tag="040" ind1=" " ind2=" ">
      <subfield code="c">IWU</subfield>
      <subfield code="d">DAY</subfield>
      <subfield code="d">PUL</subfield>
    </datafield>
    <datafield tag="050" ind1="0" ind2=" ">
      <subfield code="a">GV867</subfield>
      <subfield code="b">.T8</subfield>
    </datafield>
    <datafield tag="082" ind1=" " ind2=" ">
      <subfield code="a">796.35703</subfield>
    </datafield>
    <datafield tag="100" ind1="1" ind2=" ">
      <subfield code="a">Turkin, Hy,</subfield>
      <subfield code="d">1915-1955.</subfield>
      <subfield code="0">http://id.loc.gov/authorities/names/no95014040</subfield>
    </datafield>
    <datafield tag="245" ind1="1" ind2="4">
      <subfield code="a">The official encyclopedia of baseball,</subfield>
      <subfield code="c">by Hy Turkin and S. C. Thompson.</subfield>
    </datafield>
    <datafield tag="250" ind1=" " ind2=" ">
      <subfield code="a">Jubilee ed.</subfield>
    </datafield>
    <datafield tag="260" ind1=" " ind2=" ">
      <subfield code="a">New York,</subfield>
      <subfield code="b">A.S. Barnes</subfield>
      <subfield code="c">[1951]</subfield>
    </datafield>
    <datafield tag="300" ind1=" " ind2=" ">
      <subfield code="a">xx, 620 p.</subfield>
      <subfield code="b">illus., ports.</subfield>
      <subfield code="c">26 cm.</subfield>
    </datafield>
    <datafield tag="504" ind1=" " ind2=" ">
      <subfield code="a">Bibliography: p. 603-616.</subfield>
    </datafield>
    <datafield tag="650" ind1=" " ind2="0">
      <subfield code="a">Baseball.</subfield>
      <subfield code="0">http://id.loc.gov/authorities/subjects/sh85012026</subfield>
    </datafield>
    <datafield tag="700" ind1="1" ind2=" ">
      <subfield code="a">Thompson, S. C.</subfield>
      <subfield code="q">(Sherley Clark),</subfield>
      <subfield code="d">1897-1967.</subfield>
      <subfield code="0">http://id.loc.gov/authorities/names/no95014042</subfield>
    </datafield>
    <datafield tag="852" ind1="0" ind2=" ">
      <subfield code="b">f</subfield>
      <subfield code="h">GV867</subfield>
      <subfield code="i">.T8 1951</subfield>
      <subfield code="p">1676426</subfield>
    </datafield>
    <datafield tag="852" ind1="0" ind2="0">
      <subfield code="b">firestone</subfield>
      <subfield code="c">stacks</subfield>
      <subfield code="h">GV867</subfield>
      <subfield code="i">.T8 1951</subfield>
      <subfield code="8">22698652960006421</subfield>
    </datafield>
  </record>