
  <record>
    <leader>00456cam a2200169u  4500</leader>
    <controlfield tag="005">20220325133551.0</controlfield>
    <controlfield tag="008">102384suuuu                  000 0     d</controlfield>
    <controlfield tag="001">9915285493506421</controlfield>
    <datafield tag="035" ind1=" " ind2=" ">
      <subfield code="a">(CStRLIN)RLINGEAC00719606-B</subfield>
    </datafield>
    <datafield tag="035" ind1=" " ind2=" ">
      <subfield code="9">CET5128TS</subfield>
    </datafield>
    <datafield tag="035" ind1=" " ind2=" ">
      <subfield code="a">1528549</subfield>
    </datafield>
    <datafield tag="035" ind1=" " ind2=" ">
      <subfield code="a">(NjP)1528549-princetondb</subfield>
    </datafield>
    <datafield tag="245" ind1="1" ind2="0">
      <subfield code="a">String quartet, opus 59, no. 1</subfield>
    </datafield>
    <datafield tag="260" ind1=" " ind2=" ">
      <subfield code="a">London : Scolar Press, 1980</subfield>
    </datafield>
    <datafield tag="852" ind1="0" ind2="0">
      <subfield code="b">mendel</subfield>
      <subfield code="c">locked</subfield>
      <subfield code="h">ML96.5.B44q</subfield>
      <subfield code="k">Oversize</subfield>
      <subfield code="8">22595668280006421</subfield>
    </datafield>
    <datafield tag="876" ind1=" " ind2=" ">
      <subfield code="0">22595668280006421</subfield>
      <subfield code="j">0</subfield>
      <subfield code="x">MISSING</subfield>
      <subfield code="z">locked</subfield>
      <subfield code="c">BOOK</subfield>
      <subfield code="p">32101007662867</subfield>
      <subfield code="f">locked</subfield>
      <subfield code="t">1</subfield>
      <subfield code="a">23595668270006421</subfield>
      <subfield code="b">NoCirc</subfield>
      <subfield code="d">2021-07-12 23:01:06</subfield>
      <subfield code="e">mendel</subfield>
      <subfield code="y">mendel</subfield>
    </datafield>
  </record>