
  <record>
    <leader>00910dam a2200241   4500</leader>
    <controlfield tag="005">20200804193717.0</controlfield>
    <controlfield tag="008">771011s1949    xx            000 0 eng  </controlfield>
    <controlfield tag="001">9915612693506421</controlfield>
    <datafield tag="010" ind1=" " ind2=" ">
      <subfield code="a">   49048356  </subfield>
    </datafield>
    <datafield tag="035" ind1=" " ind2=" ">
      <subfield code="a">(OCoLC)ocm03334345</subfield>
    </datafield>
    <datafield tag="035" ind1=" " ind2=" ">
      <subfield code="9">CEW8636TS</subfield>
    </datafield>
    <datafield tag="035" ind1=" " ind2=" ">
      <subfield code="a">1561269</subfield>
    </datafield>
    <datafield tag="035" ind1=" " ind2=" ">
      <subfield code="a">(NjP)1561269-princetondb</subfield>
    </datafield>
    <datafield tag="040" ind1=" " ind2=" ">
      <subfield code="a">DLC</subfield>
      <subfield code="c">OCP</subfield>
      <subfield code="d">PUL</subfield>
    </datafield>
    <datafield tag="050" ind1=" " ind2=" ">
      <subfield code="a">GV863</subfield>
      <subfield code="b">.D78</subfield>
    </datafield>
    <datafield tag="082" ind1=" " ind2=" ">
      <subfield code="a">796.357</subfield>
    </datafield>
    <datafield tag="100" ind1="1" ind2=" ">
      <subfield code="a">Durant, John,</subfield>
      <subfield code="d">1902-1983.</subfield>
      <subfield code="0">http://id.loc.gov/authorities/names/n50029770</subfield>
    </datafield>
    <datafield tag="245" ind1="0" ind2="0">
      <subfield code="a">National Baseball Hall of Fame and Museum, Cooperstown, New York.</subfield>
      <subfield code="c">[Text and captions by John Durant; photograhy, art work and layouts by Alice Durant.</subfield>
    </datafield>
    <datafield tag="260" ind1=" " ind2=" ">
      <subfield code="a">Cooperstown,</subfield>
      <subfield code="c">1949.</subfield>
    </datafield>
    <datafield tag="300" ind1=" " ind2=" ">
      <subfield code="a">30, [10] p. (chiefly illus., ports.)</subfield>
      <subfield code="c">21 x 26 cm.</subfield>
    </datafield>
    <datafield tag="610" ind1="2" ind2="0">
      <subfield code="a">National Baseball Hall of Fame and Museum.</subfield>
      <subfield code="0">http://id.loc.gov/authorities/names/n80046102</subfield>
    </datafield>
    <datafield tag="852" ind1="0" ind2=" ">
      <subfield code="b">f</subfield>
      <subfield code="h">GV863</subfield>
      <subfield code="i">.D78 1949</subfield>
      <subfield code="p">1797774</subfield>
    </datafield>
    <datafield tag="852" ind1="0" ind2="0">
      <subfield code="b">firestone</subfield>
      <subfield code="c">stacks</subfield>
      <subfield code="h">GV863</subfield>
      <subfield code="i">.D78 1949</subfield>
      <subfield code="8">22557038370006421</subfield>
    </datafield>
  </record>