
  <record>
    <leader>00848dam a2200241   4500</leader>
    <controlfield tag="005">20200804194015.0</controlfield>
    <controlfield tag="008">710715s1971    nyuac         001 0aeng  </controlfield>
    <controlfield tag="001">9915644863506421</controlfield>
    <datafield tag="010" ind1=" " ind2=" ">
      <subfield code="a">   77158037 //r84 </subfield>
    </datafield>
    <datafield tag="035" ind1=" " ind2=" ">
      <subfield code="a">(OCoLC)ocm00150638</subfield>
    </datafield>
    <datafield tag="035" ind1=" " ind2=" ">
      <subfield code="9">CEX1906TS</subfield>
    </datafield>
    <datafield tag="035" ind1=" " ind2=" ">
      <subfield code="a">1564486</subfield>
    </datafield>
    <datafield tag="035" ind1=" " ind2=" ">
      <subfield code="a">(NjP)1564486-princetondb</subfield>
    </datafield>
    <datafield tag="040" ind1=" " ind2=" ">
      <subfield code="a">DLC</subfield>
      <subfield code="c">DLC</subfield>
      <subfield code="d">PUL</subfield>
    </datafield>
    <datafield tag="050" ind1="0" ind2=" ">
      <subfield code="a">GV865.R58</subfield>
      <subfield code="b">A3 1971</subfield>
    </datafield>
    <datafield tag="082" ind1=" " ind2=" ">
      <subfield code="a">796.357/0924</subfield>
      <subfield code="a">B</subfield>
    </datafield>
    <datafield tag="100" ind1="1" ind2=" ">
      <subfield code="a">Robinson, Brooks,</subfield>
      <subfield code="d">1937-</subfield>
      <subfield code="0">http://id.loc.gov/authorities/names/n50049164</subfield>
    </datafield>
    <datafield tag="245" ind1="1" ind2="0">
      <subfield code="a">Putting it all together,</subfield>
      <subfield code="c">by Brooks Robinson, with Fred Bauer.</subfield>
    </datafield>
    <datafield tag="260" ind1=" " ind2=" ">
      <subfield code="a">New York,</subfield>
      <subfield code="b">Hawthorn Books</subfield>
      <subfield code="c">[1971]</subfield>
    </datafield>
    <datafield tag="300" ind1=" " ind2=" ">
      <subfield code="a">xiv, 207 p.</subfield>
      <subfield code="b">illus., ports.</subfield>
      <subfield code="c">22 cm.</subfield>
    </datafield>
    <datafield tag="600" ind1="1" ind2="0">
      <subfield code="a">Robinson, Brooks,</subfield>
      <subfield code="d">1937-</subfield>
      <subfield code="0">http://id.loc.gov/authorities/names/n50049164</subfield>
    </datafield>
    <datafield tag="700" ind1="1" ind2=" ">
      <subfield code="a">Bauer, Fred,</subfield>
      <subfield code="d">1934-2009,</subfield>
      <subfield code="e">author.</subfield>
      <subfield code="0">http://id.loc.gov/authorities/names/n79060515</subfield>
    </datafield>
    <datafield tag="852" ind1="0" ind2="0">
      <subfield code="b">firestone</subfield>
      <subfield code="c">stacks</subfield>
      <subfield code="h">GV865.R58.1971</subfield>
      <subfield code="8">22538138190006421</subfield>
    </datafield>
  </record>