
  <record>
    <leader>00473dam a2200169u  4500</leader>
    <controlfield tag="005">20200805093606.0</controlfield>
    <controlfield tag="008">112788suuuu                  000 0     d</controlfield>
    <controlfield tag="001">9916276983506421</controlfield>
    <datafield tag="035" ind1=" " ind2=" ">
      <subfield code="a">(CStRLIN)RLINGEAC01284438-B</subfield>
    </datafield>
    <datafield tag="035" ind1=" " ind2=" ">
      <subfield code="9">CFD8191TS</subfield>
    </datafield>
    <datafield tag="035" ind1=" " ind2=" ">
      <subfield code="a">1627698</subfield>
    </datafield>
    <datafield tag="035" ind1=" " ind2=" ">
      <subfield code="a">(NjP)1627698-princetondb</subfield>
    </datafield>
    <datafield tag="100" ind1="1" ind2=" ">
      <subfield code="a">USPDI</subfield>
    </datafield>
    <datafield tag="245" ind1="1" ind2="0">
      <subfield code="a">United states pharmacopeia dispensing information 1980 /</subfield>
      <subfield code="c">USPDI</subfield>
    </datafield>
    <datafield tag="260" ind1=" " ind2=" ">
      <subfield code="a">U.S. Pharmacopeial Convention Inc, 1980</subfield>
    </datafield>
    <datafield tag="852" ind1="0" ind2="0">
      <subfield code="b">lewis</subfield>
      <subfield code="c">stacks</subfield>
      <subfield code="h">RS151.2.xU86 1980</subfield>
      <subfield code="8">22751671630006421</subfield>
    </datafield>
  </record>