
  <record>
    <leader>00738dam a2200229 a 4500</leader>
    <controlfield tag="005">20200805103108.0</controlfield>
    <controlfield tag="008">720728s1965    nyu           000 1 eng  </controlfield>
    <controlfield tag="001">9916456273506421</controlfield>
    <datafield tag="010" ind1=" " ind2=" ">
      <subfield code="a">   65019327  </subfield>
    </datafield>
    <datafield tag="035" ind1=" " ind2=" ">
      <subfield code="a">(OCoLC)ocm00368018</subfield>
    </datafield>
    <datafield tag="035" ind1=" " ind2=" ">
      <subfield code="9">CFF6913TS</subfield>
    </datafield>
    <datafield tag="035" ind1=" " ind2=" ">
      <subfield code="a">1645627</subfield>
    </datafield>
    <datafield tag="035" ind1=" " ind2=" ">
      <subfield code="a">(NjP)1645627-princetondb</subfield>
    </datafield>
    <datafield tag="040" ind1=" " ind2=" ">
      <subfield code="a">DLC</subfield>
      <subfield code="c">WSU</subfield>
      <subfield code="d">SER</subfield>
      <subfield code="d">PIT</subfield>
      <subfield code="d">PUL</subfield>
    </datafield>
    <datafield tag="050" ind1="0" ind2=" ">
      <subfield code="a">PZ4.F812</subfield>
      <subfield code="b">Ad</subfield>
    </datafield>
    <datafield tag="100" ind1="1" ind2=" ">
      <subfield code="a">Frame, Janet.</subfield>
      <subfield code="0">http://id.loc.gov/authorities/names/n82023868</subfield>
    </datafield>
    <datafield tag="245" ind1="1" ind2="4">
      <subfield code="a">The adaptable man /</subfield>
      <subfield code="c">Janet Frame.</subfield>
    </datafield>
    <datafield tag="260" ind1=" " ind2=" ">
      <subfield code="a">New York :</subfield>
      <subfield code="b">G. Braziller,</subfield>
      <subfield code="c">c1965.</subfield>
    </datafield>
    <datafield tag="300" ind1=" " ind2=" ">
      <subfield code="a">277 p. ;</subfield>
      <subfield code="c">22 cm.</subfield>
    </datafield>
    <datafield tag="655" ind1=" " ind2="7">
      <subfield code="a">Fiction.</subfield>
      <subfield code="2">lcgft</subfield>
      <subfield code="0">http://id.loc.gov/authorities/genreForms/gf2014026339</subfield>
    </datafield>
    <datafield tag="852" ind1="0" ind2=" ">
      <subfield code="b">f</subfield>
      <subfield code="h">PR9639.3.F7</subfield>
      <subfield code="i">A337 1965</subfield>
      <subfield code="p">1897822</subfield>
    </datafield>
    <datafield tag="852" ind1="0" ind2="0">
      <subfield code="b">firestone</subfield>
      <subfield code="c">stacks</subfield>
      <subfield code="h">PR9639.3.F7</subfield>
      <subfield code="i">A337 1965</subfield>
      <subfield code="8">22486564580006421</subfield>
    </datafield>
  </record>