
  <record>
    <leader>00843dam a2200253   4500</leader>
    <controlfield tag="005">20200805143358.0</controlfield>
    <controlfield tag="008">761213s1911    maucf         000 0 eng  </controlfield>
    <controlfield tag="001">9917210183506421</controlfield>
    <datafield tag="010" ind1=" " ind2=" ">
      <subfield code="a">   11011674  </subfield>
    </datafield>
    <datafield tag="019" ind1=" " ind2=" ">
      <subfield code="a">3956256</subfield>
    </datafield>
    <datafield tag="035" ind1=" " ind2=" ">
      <subfield code="a">(OCoLC)ocm02619772</subfield>
    </datafield>
    <datafield tag="035" ind1=" " ind2=" ">
      <subfield code="9">CFQ1195TS</subfield>
    </datafield>
    <datafield tag="035" ind1=" " ind2=" ">
      <subfield code="a">1721018</subfield>
    </datafield>
    <datafield tag="035" ind1=" " ind2=" ">
      <subfield code="a">(NjP)1721018-princetondb</subfield>
    </datafield>
    <datafield tag="035" ind1=" " ind2=" ">
      <subfield code="z">(OCoLC)3956256</subfield>
    </datafield>
    <datafield tag="040" ind1=" " ind2=" ">
      <subfield code="a">DLC</subfield>
      <subfield code="c">OHI</subfield>
      <subfield code="d">SER</subfield>
      <subfield code="d">PUL</subfield>
    </datafield>
    <datafield tag="050" ind1="0" ind2=" ">
      <subfield code="a">GV697.C6</subfield>
      <subfield code="b">A3</subfield>
    </datafield>
    <datafield tag="092" ind1=" " ind2=" ">
      <subfield code="a">796</subfield>
      <subfield code="b">C543r</subfield>
    </datafield>
    <datafield tag="100" ind1="1" ind2=" ">
      <subfield code="a">Clark, Ellery Harding,</subfield>
      <subfield code="d">1874-</subfield>
    </datafield>
    <datafield tag="245" ind1="1" ind2="0">
      <subfield code="a">Reminiscences of an athlete;</subfield>
      <subfield code="b">twenty years on track and field,</subfield>
      <subfield code="c">by Ellery H. Clark ...</subfield>
    </datafield>
    <datafield tag="260" ind1=" " ind2=" ">
      <subfield code="a">Boston,</subfield>
      <subfield code="a">New York,</subfield>
      <subfield code="b">Houghton Mifflin Company,</subfield>
      <subfield code="c">1911.</subfield>
    </datafield>
    <datafield tag="300" ind1=" " ind2=" ">
      <subfield code="a">5 p. ., 196 p., 1 .</subfield>
      <subfield code="b">front., plates, ports.</subfield>
      <subfield code="c">20 cm.</subfield>
    </datafield>
    <datafield tag="650" ind1=" " ind2="0">
      <subfield code="a">Athletics.</subfield>
      <subfield code="0">http://id.loc.gov/authorities/subjects/sh85009153</subfield>
    </datafield>
    <datafield tag="852" ind1="0" ind2=" ">
      <subfield code="b">f</subfield>
      <subfield code="h">GV697.C6</subfield>
      <subfield code="i">A3 1911</subfield>
      <subfield code="p">1981127</subfield>
    </datafield>
    <datafield tag="852" ind1="0" ind2="0">
      <subfield code="b">firestone</subfield>
      <subfield code="c">stacks</subfield>
      <subfield code="h">GV697.C6</subfield>
      <subfield code="i">A3 1911</subfield>
      <subfield code="8">22688251960006421</subfield>
    </datafield>
  </record>