
  <record>
    <leader>01443dam a2200337 a 4500</leader>
    <controlfield tag="005">20200805155048.0</controlfield>
    <controlfield tag="008">980522s1998    dcua     b    001 0deng  </controlfield>
    <controlfield tag="001">9917876893506421</controlfield>
    <datafield tag="010" ind1=" " ind2=" ">
      <subfield code="a">   97028388  </subfield>
    </datafield>
    <datafield tag="020" ind1=" " ind2=" ">
      <subfield code="a">1560988762 (alk. paper)</subfield>
    </datafield>
    <datafield tag="035" ind1=" " ind2=" ">
      <subfield code="a">(CStRLIN)NJPG98-B32418</subfield>
    </datafield>
    <datafield tag="035" ind1=" " ind2=" ">
      <subfield code="9">CGA0768TS</subfield>
    </datafield>
    <datafield tag="035" ind1=" " ind2=" ">
      <subfield code="a">1787689</subfield>
    </datafield>
    <datafield tag="035" ind1=" " ind2=" ">
      <subfield code="a">(OCoLC)ocm37293343</subfield>
      <subfield code="z">(OCoLC)ocm39534622</subfield>
      <subfield code="z">(OCoLC)on1022604239</subfield>
    </datafield>
    <datafield tag="035" ind1=" " ind2=" ">
      <subfield code="a">(NjP)1787689-princetondb</subfield>
    </datafield>
    <datafield tag="035" ind1=" " ind2=" ">
      <subfield code="z">(OCoLC)39534622</subfield>
      <subfield code="z">(OCoLC)1022604239</subfield>
    </datafield>
    <datafield tag="040" ind1=" " ind2=" ">
      <subfield code="a">DLC</subfield>
      <subfield code="c">DLC</subfield>
      <subfield code="d">DLC</subfield>
    </datafield>
    <datafield tag="050" ind1="0" ind2="0">
      <subfield code="a">GV863.A1</subfield>
      <subfield code="b">G62 1998</subfield>
    </datafield>
    <datafield tag="082" ind1="0" ind2="0">
      <subfield code="a">796.357/092/273</subfield>
      <subfield code="2">21</subfield>
    </datafield>
    <datafield tag="019" ind1=" " ind2=" ">
      <subfield code="a">39534622</subfield>
      <subfield code="a">1022604239</subfield>
    </datafield>
    <datafield tag="100" ind1="1" ind2=" ">
      <subfield code="a">Gmelch, George.</subfield>
      <subfield code="0">http://id.loc.gov/authorities/names/n80131969</subfield>
    </datafield>
    <datafield tag="245" ind1="1" ind2="0">
      <subfield code="a">In the ballpark :</subfield>
      <subfield code="b">the working lives of baseball people /</subfield>
      <subfield code="c">George Gmelch and J.J. Weiner.</subfield>
    </datafield>
    <datafield tag="260" ind1=" " ind2=" ">
      <subfield code="a">Washington, [D.C.] :</subfield>
      <subfield code="b">Smithsonian Institution Press,</subfield>
      <subfield code="c">c1998.</subfield>
    </datafield>
    <datafield tag="300" ind1=" " ind2=" ">
      <subfield code="a">xiii, 254 p. :</subfield>
      <subfield code="b">ill. ;</subfield>
      <subfield code="c">25 cm.</subfield>
    </datafield>
    <datafield tag="504" ind1=" " ind2=" ">
      <subfield code="a">Includes bibliographical references (p. 249-250) and index.</subfield>
    </datafield>
    <datafield tag="650" ind1=" " ind2="0">
      <subfield code="a">Baseball</subfield>
      <subfield code="v">Interviews.</subfield>
      <subfield code="0">http://id.loc.gov/authorities/subjects/sh97005217</subfield>
    </datafield>
    <datafield tag="650" ind1=" " ind2="0">
      <subfield code="a">Baseball fields.</subfield>
      <subfield code="0">http://id.loc.gov/authorities/subjects/sh85012039</subfield>
    </datafield>
    <datafield tag="650" ind1=" " ind2="0">
      <subfield code="a">Baseball.</subfield>
      <subfield code="0">http://id.loc.gov/authorities/subjects/sh85012026</subfield>
    </datafield>
    <datafield tag="655" ind1=" " ind2="7">
      <subfield code="a">Interviews.</subfield>
      <subfield code="2">lcgft</subfield>
      <subfield code="0">http://id.loc.gov/authorities/genreForms/gf2014026115</subfield>
    </datafield>
    <datafield tag="700" ind1="1" ind2=" ">
      <subfield code="a">Weiner, J. J.</subfield>
      <subfield code="0">http://id.loc.gov/authorities/names/n97068185</subfield>
    </datafield>
    <datafield tag="852" ind1="0" ind2="0">
      <subfield code="b">firestone</subfield>
      <subfield code="c">stacks</subfield>
      <subfield code="h">GV863.A1</subfield>
      <subfield code="i">G62 1998</subfield>
      <subfield code="8">22490084660006421</subfield>
    </datafield>
  </record>