
  <record>
    <leader>01218dam a2200337 a 4500</leader>
    <controlfield tag="005">20200805195941.0</controlfield>
    <controlfield tag="008">980624s1996    nyua          001 0beng  </controlfield>
    <controlfield tag="001">9917957553506421</controlfield>
    <datafield tag="010" ind1=" " ind2=" ">
      <subfield code="a">   96014981  </subfield>
    </datafield>
    <datafield tag="020" ind1=" " ind2=" ">
      <subfield code="a">0786703059 (cloth)</subfield>
    </datafield>
    <datafield tag="020" ind1=" " ind2=" ">
      <subfield code="z">0186703059</subfield>
    </datafield>
    <datafield tag="035" ind1=" " ind2=" ">
      <subfield code="a">(CStRLIN)NJPG98-B39322</subfield>
    </datafield>
    <datafield tag="035" ind1=" " ind2=" ">
      <subfield code="9">CGA9695TS</subfield>
    </datafield>
    <datafield tag="035" ind1=" " ind2=" ">
      <subfield code="a">1795755</subfield>
    </datafield>
    <datafield tag="035" ind1=" " ind2=" ">
      <subfield code="a">(OCoLC)ocm34351364</subfield>
      <subfield code="z">(OCoLC)ocn762222924</subfield>
      <subfield code="z">(OCoLC)ocn974363160</subfield>
      <subfield code="z">(OCoLC)ocn992081657</subfield>
      <subfield code="z">(OCoLC)on1039111101</subfield>
    </datafield>
    <datafield tag="035" ind1=" " ind2=" ">
      <subfield code="a">(NjP)1795755-princetondb</subfield>
    </datafield>
    <datafield tag="035" ind1=" " ind2=" ">
      <subfield code="z">(OCoLC)762222924</subfield>
      <subfield code="z">(OCoLC)974363160</subfield>
      <subfield code="z">(OCoLC)992081657</subfield>
      <subfield code="z">(OCoLC)1039111101</subfield>
    </datafield>
    <datafield tag="040" ind1=" " ind2=" ">
      <subfield code="a">DLC</subfield>
      <subfield code="c">DLC</subfield>
      <subfield code="d">DLC</subfield>
    </datafield>
    <datafield tag="043" ind1=" " ind2=" ">
      <subfield code="a">n-us---</subfield>
    </datafield>
    <datafield tag="050" ind1="0" ind2="0">
      <subfield code="a">GV865.M33</subfield>
      <subfield code="b">S295 1996</subfield>
    </datafield>
    <datafield tag="082" ind1="0" ind2="0">
      <subfield code="a">796.357/092</subfield>
      <subfield code="a">B</subfield>
      <subfield code="2">20</subfield>
    </datafield>
    <datafield tag="019" ind1=" " ind2=" ">
      <subfield code="a">762222924</subfield>
      <subfield code="a">974363160</subfield>
      <subfield code="a">992081657</subfield>
      <subfield code="a">1039111101</subfield>
    </datafield>
    <datafield tag="100" ind1="1" ind2=" ">
      <subfield code="a">Schoor, Gene.</subfield>
      <subfield code="0">http://id.loc.gov/authorities/names/n79090077</subfield>
    </datafield>
    <datafield tag="245" ind1="1" ind2="4">
      <subfield code="a">The illustrated history of Mickey Mantle /</subfield>
      <subfield code="c">Gene Schoor.</subfield>
    </datafield>
    <datafield tag="250" ind1=" " ind2=" ">
      <subfield code="a">1st ed.</subfield>
    </datafield>
    <datafield tag="260" ind1=" " ind2=" ">
      <subfield code="a">New York :</subfield>
      <subfield code="b">Carroll &amp; Graf Publishers,</subfield>
      <subfield code="c">1996.</subfield>
    </datafield>
    <datafield tag="300" ind1=" " ind2=" ">
      <subfield code="a">viii, 213 p. :</subfield>
      <subfield code="b">ill. (some col.);</subfield>
      <subfield code="c">29 cm.</subfield>
    </datafield>
    <datafield tag="500" ind1=" " ind2=" ">
      <subfield code="a">Includes index.</subfield>
    </datafield>
    <datafield tag="600" ind1="1" ind2="0">
      <subfield code="a">Mantle, Mickey,</subfield>
      <subfield code="d">1931-1995</subfield>
      <subfield code="x">Pictorial works.</subfield>
    </datafield>
    <datafield tag="650" ind1=" " ind2="0">
      <subfield code="a">Baseball players</subfield>
      <subfield code="z">United States</subfield>
      <subfield code="x">Biography</subfield>
      <subfield code="x">Pictorial works.</subfield>
    </datafield>
    <datafield tag="852" ind1="0" ind2="0">
      <subfield code="b">firestone</subfield>
      <subfield code="c">stacks</subfield>
      <subfield code="h">GV865.M33</subfield>
      <subfield code="i">S295 1996</subfield>
      <subfield code="8">22540884300006421</subfield>
    </datafield>
  </record>