
  <record>
    <leader>01111dam a2200301 i 4500</leader>
    <controlfield tag="005">20220112144955.0</controlfield>
    <controlfield tag="008">820422s1951    enkc          000 0 eng  </controlfield>
    <controlfield tag="001">9920524923506421</controlfield>
    <datafield tag="010" ind1=" " ind2=" ">
      <subfield code="a">a  54008921  </subfield>
    </datafield>
    <datafield tag="015" ind1=" " ind2=" ">
      <subfield code="a">GB51-14182</subfield>
    </datafield>
    <datafield tag="035" ind1=" " ind2=" ">
      <subfield code="a">(OCoLC)ocm08361502</subfield>
    </datafield>
    <datafield tag="035" ind1=" " ind2=" ">
      <subfield code="9">CHS5667TS</subfield>
    </datafield>
    <datafield tag="035" ind1=" " ind2=" ">
      <subfield code="a">2052492</subfield>
    </datafield>
    <datafield tag="035" ind1=" " ind2=" ">
      <subfield code="a">(NjP)2052492-princetondb</subfield>
    </datafield>
    <datafield tag="040" ind1=" " ind2=" ">
      <subfield code="a">DLC</subfield>
      <subfield code="c">CSB</subfield>
      <subfield code="d">CSB</subfield>
      <subfield code="d">UKM</subfield>
      <subfield code="d">OCL</subfield>
      <subfield code="d">PUL</subfield>
    </datafield>
    <datafield tag="050" ind1=" " ind2=" ">
      <subfield code="a">NB1300</subfield>
      <subfield code="b">.W5</subfield>
    </datafield>
    <datafield tag="082" ind1="0" ind2="4">
      <subfield code="a">730.924</subfield>
      <subfield code="2">18</subfield>
    </datafield>
    <datafield tag="100" ind1="1" ind2=" ">
      <subfield code="a">Wittkower, Rudolf.</subfield>
      <subfield code="0">http://id.loc.gov/authorities/names/n50014455</subfield>
    </datafield>
    <datafield tag="245" ind1="1" ind2="0">
      <subfield code="a">Bernini's bust of Louis XIV.</subfield>
    </datafield>
    <datafield tag="260" ind1=" " ind2=" ">
      <subfield code="a">London :</subfield>
      <subfield code="b">Oxford University Press,</subfield>
      <subfield code="c">1951.</subfield>
    </datafield>
    <datafield tag="300" ind1=" " ind2=" ">
      <subfield code="a">19 p. :</subfield>
      <subfield code="b">portrait ;</subfield>
      <subfield code="c">26 cm.</subfield>
    </datafield>
    <datafield tag="490" ind1="0" ind2=" ">
      <subfield code="a">Charlton lectures on art ;</subfield>
      <subfield code="v">no. 33</subfield>
    </datafield>
    <datafield tag="504" ind1=" " ind2=" ">
      <subfield code="a">Bibliographical footnotes.</subfield>
    </datafield>
    <datafield tag="600" ind1="1" ind2="0">
      <subfield code="a">Bernini, Gian Lorenzo,</subfield>
      <subfield code="d">1598-1680.</subfield>
      <subfield code="0">http://id.loc.gov/authorities/names/n79127068</subfield>
    </datafield>
    <datafield tag="600" ind1="0" ind2="0">
      <subfield code="a">Louis</subfield>
      <subfield code="b">XIV,</subfield>
      <subfield code="c">King of France,</subfield>
      <subfield code="d">1638-1715</subfield>
      <subfield code="v">Portraits.</subfield>
      <subfield code="0">http://id.loc.gov/authorities/subjects/sh85078476</subfield>
    </datafield>
    <datafield tag="655" ind1=" " ind2="7">
      <subfield code="a">Portraits.</subfield>
      <subfield code="2">lcgft</subfield>
      <subfield code="0">http://id.loc.gov/authorities/genreForms/gf2017027254</subfield>
    </datafield>
    <datafield tag="852" ind1="0" ind2=" ">
      <subfield code="b">marquand</subfield>
      <subfield code="c">stacks</subfield>
      <subfield code="h">NB1300</subfield>
      <subfield code="i">.W5</subfield>
      <subfield code="8">22912063950006421</subfield>
    </datafield>
    <datafield tag="852" ind1="0" ind2="0">
      <subfield code="b">marquand</subfield>
      <subfield code="c">stacks</subfield>
      <subfield code="h">NB623.B5</subfield>
      <subfield code="i">W7</subfield>
      <subfield code="8">22751672920006421</subfield>
    </datafield>
  </record>