
  <record>
    <leader>01063dam a2200325 a 4500</leader>
    <controlfield tag="005">20200806144945.0</controlfield>
    <controlfield tag="008">981228s1995    onca          001 0 eng c</controlfield>
    <controlfield tag="001">9920880233506421</controlfield>
    <datafield tag="020" ind1=" " ind2=" ">
      <subfield code="a">0771043619</subfield>
    </datafield>
    <datafield tag="035" ind1=" " ind2=" ">
      <subfield code="a">(OCoLC)35880981</subfield>
    </datafield>
    <datafield tag="035" ind1=" " ind2=" ">
      <subfield code="a">(NIC)notisANQ9670</subfield>
    </datafield>
    <datafield tag="035" ind1=" " ind2=" ">
      <subfield code="a">(CStRLIN)NYCXANQ9670-B</subfield>
    </datafield>
    <datafield tag="035" ind1=" " ind2=" ">
      <subfield code="9">CHW5176TS</subfield>
    </datafield>
    <datafield tag="035" ind1=" " ind2=" ">
      <subfield code="a">2088023</subfield>
    </datafield>
    <datafield tag="035" ind1=" " ind2=" ">
      <subfield code="a">(NjP)2088023-princetondb</subfield>
    </datafield>
    <datafield tag="040" ind1=" " ind2=" ">
      <subfield code="a">NIC</subfield>
      <subfield code="c">NIC</subfield>
      <subfield code="d">NjP</subfield>
    </datafield>
    <datafield tag="042" ind1=" " ind2=" ">
      <subfield code="a">pcc</subfield>
    </datafield>
    <datafield tag="043" ind1=" " ind2=" ">
      <subfield code="a">n-cn---</subfield>
      <subfield code="a">n-us---</subfield>
    </datafield>
    <datafield tag="050" ind1=" " ind2="4">
      <subfield code="a">GV848.5.A1</subfield>
      <subfield code="b">I72 1995</subfield>
    </datafield>
    <datafield tag="100" ind1="1" ind2=" ">
      <subfield code="a">Irvin, Dick,</subfield>
      <subfield code="d">1932-</subfield>
      <subfield code="0">http://id.loc.gov/authorities/names/n90668350</subfield>
    </datafield>
    <datafield tag="245" ind1="1" ind2="0">
      <subfield code="a">In the crease :</subfield>
      <subfield code="b">goaltenders look at life in the NHL /</subfield>
      <subfield code="c">Dick Irvin.</subfield>
    </datafield>
    <datafield tag="260" ind1=" " ind2=" ">
      <subfield code="a">Toronto :</subfield>
      <subfield code="b">McClelland &amp; Stewart,</subfield>
      <subfield code="c">c1995.</subfield>
    </datafield>
    <datafield tag="300" ind1=" " ind2=" ">
      <subfield code="a">356 p. :</subfield>
      <subfield code="b">ill. ;</subfield>
      <subfield code="c">24 cm.</subfield>
    </datafield>
    <datafield tag="500" ind1=" " ind2=" ">
      <subfield code="a">Includes index.</subfield>
    </datafield>
    <datafield tag="650" ind1=" " ind2="0">
      <subfield code="a">Hockey goalkeepers</subfield>
      <subfield code="v">Anecdotes.</subfield>
    </datafield>
    <datafield tag="650" ind1=" " ind2="0">
      <subfield code="a">Hockey</subfield>
      <subfield code="z">Canada</subfield>
      <subfield code="x">History.</subfield>
    </datafield>
    <datafield tag="610" ind1="2" ind2="0">
      <subfield code="a">National Hockey League</subfield>
      <subfield code="v">Anecdotes.</subfield>
    </datafield>
    <datafield tag="655" ind1=" " ind2="7">
      <subfield code="a">Anecdotes.</subfield>
      <subfield code="2">lcgft</subfield>
      <subfield code="0">http://id.loc.gov/authorities/genreForms/gf2014026044</subfield>
    </datafield>
    <datafield tag="852" ind1="0" ind2=" ">
      <subfield code="b">firestone</subfield>
      <subfield code="c">stacks</subfield>
      <subfield code="h">GV848.5.A1</subfield>
      <subfield code="i">I72 1995</subfield>
      <subfield code="8">22491620930006421</subfield>
    </datafield>
  </record>