
  <record>
    <leader>01309dam a2200313 i 4500</leader>
    <controlfield tag="005">20200806142321.0</controlfield>
    <controlfield tag="008">770516s1977    dcua     b   f000 0 eng  </controlfield>
    <controlfield tag="001">9921070743506421</controlfield>
    <datafield tag="010" ind1=" " ind2=" ">
      <subfield code="a">   77600747 //r87 </subfield>
    </datafield>
    <datafield tag="019" ind1=" " ind2=" ">
      <subfield code="a">2709210</subfield>
      <subfield code="a">2834291</subfield>
      <subfield code="a">3137935</subfield>
      <subfield code="a">6157279</subfield>
      <subfield code="a">6389741</subfield>
    </datafield>
    <datafield tag="020" ind1=" " ind2=" ">
      <subfield code="c">$2.20 (v. 1) : $5.60 (v. 2)</subfield>
    </datafield>
    <datafield tag="035" ind1=" " ind2=" ">
      <subfield code="a">(OCoLC)ocm03015756</subfield>
    </datafield>
    <datafield tag="035" ind1=" " ind2=" ">
      <subfield code="9">CJA5128TS</subfield>
    </datafield>
    <datafield tag="035" ind1=" " ind2=" ">
      <subfield code="a">2107074</subfield>
    </datafield>
    <datafield tag="035" ind1=" " ind2=" ">
      <subfield code="a">(NjP)2107074-princetondb</subfield>
    </datafield>
    <datafield tag="035" ind1=" " ind2=" ">
      <subfield code="z">(OCoLC)2709210</subfield>
      <subfield code="z">(OCoLC)2834291</subfield>
      <subfield code="z">(OCoLC)3137935</subfield>
      <subfield code="z">(OCoLC)6157279</subfield>
      <subfield code="z">(OCoLC)6389741</subfield>
    </datafield>
    <datafield tag="040" ind1=" " ind2=" ">
      <subfield code="a">DLC</subfield>
      <subfield code="c">DLC</subfield>
      <subfield code="d">OCL</subfield>
      <subfield code="d">GPO</subfield>
      <subfield code="d">PUL</subfield>
    </datafield>
    <datafield tag="043" ind1=" " ind2=" ">
      <subfield code="a">n-us---</subfield>
    </datafield>
    <datafield tag="050" ind1="0" ind2=" ">
      <subfield code="a">GV721.4.U6</subfield>
      <subfield code="b">U54 1977</subfield>
    </datafield>
    <datafield tag="082" ind1=" " ind2=" ">
      <subfield code="a">796/.0973</subfield>
    </datafield>
    <datafield tag="086" ind1="0" ind2=" ">
      <subfield code="a">Pr 38.8:01 9/01 9/v.-</subfield>
    </datafield>
    <datafield tag="110" ind1="1" ind2=" ">
      <subfield code="a">United States.</subfield>
      <subfield code="b">President's Commission on Olympic Sports.</subfield>
      <subfield code="0">http://id.loc.gov/authorities/names/n93097340</subfield>
    </datafield>
    <datafield tag="245" ind1="0" ind2="4">
      <subfield code="a">The final report of the President's Commission on Olympic Sports, January 1977, Washington, D.C.</subfield>
    </datafield>
    <datafield tag="260" ind1=" " ind2=" ">
      <subfield code="a">Washington :</subfield>
      <subfield code="b">U.S. Govt. Print. Off.,</subfield>
      <subfield code="c">1977.</subfield>
    </datafield>
    <datafield tag="300" ind1=" " ind2=" ">
      <subfield code="a">2 v. :</subfield>
      <subfield code="b">ill. ;</subfield>
      <subfield code="c">28 cm.</subfield>
    </datafield>
    <datafield tag="504" ind1=" " ind2=" ">
      <subfield code="a">Includes bibliographical references.</subfield>
    </datafield>
    <datafield tag="505" ind1="0" ind2=" ">
      <subfield code="a">v. 1. Executive summary and major conclusions and recommendations.--v. 2. Findings of fact and supporting material.</subfield>
    </datafield>
    <datafield tag="610" ind1="1" ind2="0">
      <subfield code="a">United States.</subfield>
      <subfield code="b">President's Commission on Olympic Sports</subfield>
      <subfield code="0">http://id.loc.gov/authorities/names/n93097340</subfield>
    </datafield>
    <datafield tag="650" ind1=" " ind2="0">
      <subfield code="a">Olympics.</subfield>
      <subfield code="0">http://id.loc.gov/authorities/subjects/sh85094647</subfield>
    </datafield>
    <datafield tag="852" ind1="0" ind2="1">
      <subfield code="b">firestone</subfield>
      <subfield code="c">stacks</subfield>
      <subfield code="h">GV721.4.U6</subfield>
      <subfield code="i">U54 1977</subfield>
      <subfield code="8">22613287530006421</subfield>
    </datafield>
    <datafield tag="866" ind1=" " ind2="0">
      <subfield code="a">v.1-2</subfield>
      <subfield code="8">22613287530006421</subfield>
    </datafield>
  </record>