
  <record>
    <leader>01320dam a2200325 a 4500</leader>
    <controlfield tag="005">20200806131457.0</controlfield>
    <controlfield tag="008">990113s1997    nz       b    001 0 eng  </controlfield>
    <controlfield tag="001">9921381133506421</controlfield>
    <datafield tag="010" ind1=" " ind2=" ">
      <subfield code="a">   97131546  </subfield>
    </datafield>
    <datafield tag="020" ind1=" " ind2=" ">
      <subfield code="a">0195583558</subfield>
    </datafield>
    <datafield tag="035" ind1=" " ind2=" ">
      <subfield code="a">(OCoLC)38281588</subfield>
    </datafield>
    <datafield tag="035" ind1=" " ind2=" ">
      <subfield code="a">(CStRLIN)NJPG99-B2060</subfield>
    </datafield>
    <datafield tag="035" ind1=" " ind2=" ">
      <subfield code="9">CJN2821TS</subfield>
    </datafield>
    <datafield tag="035" ind1=" " ind2=" ">
      <subfield code="a">2138113</subfield>
    </datafield>
    <datafield tag="035" ind1=" " ind2=" ">
      <subfield code="a">(NjP)2138113-princetondb</subfield>
    </datafield>
    <datafield tag="040" ind1=" " ind2=" ">
      <subfield code="a">DLC</subfield>
      <subfield code="c">DLC</subfield>
      <subfield code="d">DLC</subfield>
    </datafield>
    <datafield tag="043" ind1=" " ind2=" ">
      <subfield code="a">u-nz---</subfield>
    </datafield>
    <datafield tag="050" ind1="0" ind2="0">
      <subfield code="a">PR9635.25</subfield>
      <subfield code="b">.A58 1997</subfield>
    </datafield>
    <datafield tag="082" ind1="0" ind2="0">
      <subfield code="a">821.008/0993</subfield>
      <subfield code="2">21</subfield>
    </datafield>
    <datafield tag="245" ind1="0" ind2="3">
      <subfield code="a">An anthology of New Zealand poetry in English /</subfield>
      <subfield code="c">edited by Jenny Bornholdt, Gregory O'Brien, Mark Williams.</subfield>
    </datafield>
    <datafield tag="260" ind1=" " ind2=" ">
      <subfield code="a">Auckland :</subfield>
      <subfield code="b">Oxford University Press New Zealand,</subfield>
      <subfield code="c">1997.</subfield>
    </datafield>
    <datafield tag="300" ind1=" " ind2=" ">
      <subfield code="a">xxxv, 547 p. ;</subfield>
      <subfield code="c">23 cm.</subfield>
    </datafield>
    <datafield tag="504" ind1=" " ind2=" ">
      <subfield code="a">Includes bibliographical references (p. 514-528) and index.</subfield>
    </datafield>
    <datafield tag="650" ind1=" " ind2="0">
      <subfield code="a">New Zealand poetry.</subfield>
      <subfield code="0">http://id.loc.gov/authorities/subjects/sh85091520</subfield>
    </datafield>
    <datafield tag="650" ind1=" " ind2="0">
      <subfield code="a">New Zealand poetry.</subfield>
      <subfield code="0">http://id.loc.gov/authorities/subjects/sh85091520</subfield>
    </datafield>
    <datafield tag="700" ind1="1" ind2=" ">
      <subfield code="a">Bornholdt, Jenny,</subfield>
      <subfield code="d">1960-</subfield>
      <subfield code="0">http://id.loc.gov/authorities/names/no90014728</subfield>
    </datafield>
    <datafield tag="700" ind1="1" ind2=" ">
      <subfield code="a">O'Brien, Gregory,</subfield>
      <subfield code="d">1961-</subfield>
      <subfield code="0">http://id.loc.gov/authorities/names/n94111715</subfield>
    </datafield>
    <datafield tag="700" ind1="1" ind2=" ">
      <subfield code="a">Williams, Mark,</subfield>
      <subfield code="d">1951-</subfield>
      <subfield code="0">http://id.loc.gov/authorities/names/n88223909</subfield>
    </datafield>
    <datafield tag="852" ind1="0" ind2="0">
      <subfield code="b">firestone</subfield>
      <subfield code="c">stacks</subfield>
      <subfield code="h">PR9635.25</subfield>
      <subfield code="i">.A58 1997</subfield>
      <subfield code="8">22491171830006421</subfield>
    </datafield>
  </record>