
  <record>
    <leader>01266dam a2200313 a 4500</leader>
    <controlfield tag="005">20200810103627.0</controlfield>
    <controlfield tag="008">990224s1998    waub          000 0deng  </controlfield>
    <controlfield tag="001">9921928503506421</controlfield>
    <datafield tag="010" ind1=" " ind2=" ">
      <subfield code="a">   98011518  </subfield>
    </datafield>
    <datafield tag="020" ind1=" " ind2=" ">
      <subfield code="a">1580050077 (paper) :</subfield>
      <subfield code="c">$14.95</subfield>
    </datafield>
    <datafield tag="035" ind1=" " ind2=" ">
      <subfield code="a">(OCoLC)38270834</subfield>
    </datafield>
    <datafield tag="035" ind1=" " ind2=" ">
      <subfield code="a">(CStRLIN)NJPG99-B10994</subfield>
    </datafield>
    <datafield tag="035" ind1=" " ind2=" ">
      <subfield code="9">CJW5049TS</subfield>
    </datafield>
    <datafield tag="035" ind1=" " ind2=" ">
      <subfield code="a">2192850</subfield>
    </datafield>
    <datafield tag="035" ind1=" " ind2=" ">
      <subfield code="a">(NjP)2192850-princetondb</subfield>
    </datafield>
    <datafield tag="040" ind1=" " ind2=" ">
      <subfield code="a">DLC</subfield>
      <subfield code="c">DLC</subfield>
      <subfield code="d">DLC</subfield>
      <subfield code="d">COc</subfield>
    </datafield>
    <datafield tag="043" ind1=" " ind2=" ">
      <subfield code="a">n-us-co</subfield>
      <subfield code="a">n-mx---</subfield>
      <subfield code="a">n-us-az</subfield>
    </datafield>
    <datafield tag="050" ind1="0" ind2="0">
      <subfield code="a">GV776.C63</subfield>
      <subfield code="b">M33 1998</subfield>
    </datafield>
    <datafield tag="082" ind1="0" ind2="0">
      <subfield code="a">917.91/320453</subfield>
      <subfield code="2">21</subfield>
    </datafield>
    <datafield tag="100" ind1="1" ind2=" ">
      <subfield code="a">McCairen, Patricia,</subfield>
      <subfield code="d">1940-</subfield>
      <subfield code="0">http://id.loc.gov/authorities/names/n83176834</subfield>
    </datafield>
    <datafield tag="245" ind1="1" ind2="0">
      <subfield code="a">Canyon solitude :</subfield>
      <subfield code="b">a woman's solo river journey through Grand Canyon /</subfield>
      <subfield code="c">Patricia C. McCairen.</subfield>
    </datafield>
    <datafield tag="260" ind1=" " ind2=" ">
      <subfield code="a">Seattle, Wash. :</subfield>
      <subfield code="b">Seal Press ;</subfield>
      <subfield code="a">[Emeryville, Calif.] :</subfield>
      <subfield code="b">Distributed to the trade by Publishers Group West,</subfield>
      <subfield code="c">c1998.</subfield>
    </datafield>
    <datafield tag="300" ind1=" " ind2=" ">
      <subfield code="a">246 p. :</subfield>
      <subfield code="b">map ;</subfield>
      <subfield code="c">19 cm.</subfield>
    </datafield>
    <datafield tag="650" ind1=" " ind2="0">
      <subfield code="a">Rafting</subfield>
      <subfield code="z">Colorado River (Colo.-Mexico)</subfield>
    </datafield>
    <datafield tag="600" ind1="1" ind2="0">
      <subfield code="a">McCairen, Patricia,</subfield>
      <subfield code="d">1940-</subfield>
      <subfield code="x">Travel</subfield>
      <subfield code="z">Colorado River (Colo.-Mexico).</subfield>
    </datafield>
    <datafield tag="600" ind1="1" ind2="0">
      <subfield code="a">McCairen, Patricia,</subfield>
      <subfield code="d">1940-</subfield>
      <subfield code="x">Travel</subfield>
      <subfield code="z">Arizona</subfield>
      <subfield code="x">Grand Canyon.</subfield>
    </datafield>
    <datafield tag="651" ind1=" " ind2="0">
      <subfield code="a">Colorado River (Colo.-Mexico)</subfield>
      <subfield code="x">Description and travel.</subfield>
    </datafield>
    <datafield tag="852" ind1="0" ind2="0">
      <subfield code="b">firestone</subfield>
      <subfield code="c">stacks</subfield>
      <subfield code="h">GV776.C63</subfield>
      <subfield code="i">M33 1998</subfield>
      <subfield code="8">22598404820006421</subfield>
    </datafield>
  </record>