
  <record>
    <leader>01099dam a2200289 a 4500</leader>
    <controlfield tag="005">20170712175046.0</controlfield>
    <controlfield tag="008">990602s1998    onca     s    001 0ceng  </controlfield>
    <controlfield tag="001">9922579913506421</controlfield>
    <datafield tag="010" ind1=" " ind2=" ">
      <subfield code="a">   99158705 </subfield>
    </datafield>
    <datafield tag="020" ind1=" " ind2=" ">
      <subfield code="a">1894020278 (pbk.)</subfield>
    </datafield>
    <datafield tag="035" ind1=" " ind2=" ">
      <subfield code="a">(OCoLC)39317977</subfield>
    </datafield>
    <datafield tag="035" ind1=" " ind2=" ">
      <subfield code="a">(CStRLIN)DCLC99158705-B</subfield>
    </datafield>
    <datafield tag="035" ind1=" " ind2=" ">
      <subfield code="9">CKG5657TS</subfield>
    </datafield>
    <datafield tag="035" ind1=" " ind2=" ">
      <subfield code="a">(NjP)2257991-princetondb</subfield>
    </datafield>
    <datafield tag="040" ind1=" " ind2=" ">
      <subfield code="a">DLC</subfield>
      <subfield code="c">DLC</subfield>
    </datafield>
    <datafield tag="043" ind1=" " ind2=" ">
      <subfield code="a">n-us---</subfield>
    </datafield>
    <datafield tag="050" ind1="0" ind2="0">
      <subfield code="a">GV863.A1</subfield>
      <subfield code="b">F747 1998</subfield>
    </datafield>
    <datafield tag="072" ind1=" " ind2="7">
      <subfield code="a">GV</subfield>
      <subfield code="2">lcco</subfield>
    </datafield>
    <datafield tag="245" ind1="0" ind2="0">
      <subfield code="a">From Cartwright to Shoeless Joe :</subfield>
      <subfield code="b">the Warwick compendium of early baseball /</subfield>
      <subfield code="c">compiled and edited by Ron McCulloch.</subfield>
    </datafield>
    <datafield tag="260" ind1=" " ind2=" ">
      <subfield code="a">Toronto ;</subfield>
      <subfield code="a">Los Angeles :</subfield>
      <subfield code="b">Warwick Pub.,</subfield>
      <subfield code="c">c1998.</subfield>
    </datafield>
    <datafield tag="300" ind1=" " ind2=" ">
      <subfield code="a">400 p. :</subfield>
      <subfield code="b">ill. ;</subfield>
      <subfield code="c">24 cm.</subfield>
    </datafield>
    <datafield tag="500" ind1=" " ind2=" ">
      <subfield code="a">Includes index.</subfield>
    </datafield>
    <datafield tag="650" ind1=" " ind2="0">
      <subfield code="a">Baseball</subfield>
      <subfield code="z">United States</subfield>
      <subfield code="x">History.</subfield>
      <subfield code="0">http://id.loc.gov/authorities/subjects/sh2008117470</subfield>
    </datafield>
    <datafield tag="650" ind1=" " ind2="0">
      <subfield code="a">Baseball players</subfield>
      <subfield code="z">United States</subfield>
      <subfield code="v">Biography.</subfield>
      <subfield code="0">http://id.loc.gov/authorities/subjects/sh2007101902</subfield>
    </datafield>
    <datafield tag="650" ind1=" " ind2="0">
      <subfield code="a">Baseball players</subfield>
      <subfield code="z">United States</subfield>
      <subfield code="v">Statistics.</subfield>
      <subfield code="0">http://id.loc.gov/authorities/subjects/sh2009116828</subfield>
    </datafield>
    <datafield tag="700" ind1="1" ind2=" ">
      <subfield code="a">McCulloch, Ron.</subfield>
    </datafield>
    <datafield tag="852" ind1="0" ind2=" ">
      <subfield code="b">firestone</subfield>
      <subfield code="c">stacks</subfield>
      <subfield code="h">GV863.A1</subfield>
      <subfield code="i">F747 1998</subfield>
      <subfield code="8">22555483930006421</subfield>
    </datafield>
  </record>