
  <record>
    <leader>02381dcm a2200289   4500</leader>
    <controlfield tag="005">20200817111158.0</controlfield>
    <controlfield tag="008">740712s1966    fr   u         n         </controlfield>
    <controlfield tag="001">9925028443506421</controlfield>
    <datafield tag="010" ind1=" " ind2=" ">
      <subfield code="a">   67044858 /M </subfield>
    </datafield>
    <datafield tag="035" ind1=" " ind2=" ">
      <subfield code="a">(OCoLC)ocm00944840</subfield>
    </datafield>
    <datafield tag="035" ind1=" " ind2=" ">
      <subfield code="9">CLT8157TS</subfield>
    </datafield>
    <datafield tag="035" ind1=" " ind2=" ">
      <subfield code="a">2502844</subfield>
    </datafield>
    <datafield tag="035" ind1=" " ind2=" ">
      <subfield code="a">(NjP)2502844-princetondb</subfield>
    </datafield>
    <datafield tag="040" ind1=" " ind2=" ">
      <subfield code="a">DLC</subfield>
      <subfield code="c">BMC</subfield>
      <subfield code="d">OCL</subfield>
      <subfield code="d">FDA</subfield>
      <subfield code="d">IXA</subfield>
      <subfield code="d">PUL</subfield>
    </datafield>
    <datafield tag="048" ind1=" " ind2=" ">
      <subfield code="a">tc01</subfield>
    </datafield>
    <datafield tag="050" ind1="0" ind2=" ">
      <subfield code="a">M140.G26</subfield>
      <subfield code="b">S7</subfield>
    </datafield>
    <datafield tag="100" ind1="1" ind2=" ">
      <subfield code="a">Gaultier, Ennemond,</subfield>
      <subfield code="d">1575-1651.</subfield>
      <subfield code="0">http://id.loc.gov/authorities/names/n81142202</subfield>
    </datafield>
    <datafield tag="240" ind1="1" ind2="0">
      <subfield code="a">Lute music</subfield>
    </datafield>
    <datafield tag="245" ind1="0" ind2="0">
      <subfield code="a">Œuvres du vieux Gautier.</subfield>
      <subfield code="c">Éd. et transcription par André Souris. Introd. historique et étude des concordances par Monique Rollin.</subfield>
    </datafield>
    <datafield tag="260" ind1=" " ind2=" ">
      <subfield code="a">Paris,</subfield>
      <subfield code="b">Éditions du Centre national de la recherche scientifique,</subfield>
      <subfield code="c">1966.</subfield>
    </datafield>
    <datafield tag="300" ind1=" " ind2=" ">
      <subfield code="a">xxxvi, 111 p.</subfield>
      <subfield code="c">32 cm.</subfield>
    </datafield>
    <datafield tag="440" ind1=" " ind2="0">
      <subfield code="a">Collection Le Chœur des muses</subfield>
    </datafield>
    <datafield tag="500" ind1=" " ind2=" ">
      <subfield code="a">At head of title: Corpus des luthistes français.</subfield>
    </datafield>
    <datafield tag="500" ind1=" " ind2=" ">
      <subfield code="a">Lute music, in lute tablature and in modern notation.</subfield>
    </datafield>
    <datafield tag="505" ind1="0" ind2=" ">
      <subfield code="a">Allemande [6] ; Allemande, le languetock ou la pompe funèbre ou bien le bucentaure ; The loss of the golden rose lute ; La rose d'or, allemande ; Tombeau de Mezangeau ; Le tombeau de l'Enclos, allemande ; Courante [17] ; Courante [La belle homicide] ; Courante [Le Canon] ; Courante [Cleopatre amante] ; Redouble de la courante ; Courante [Diane] ; La petite bergère ; Double ; Courante des anges ; Courante du someil ; La champré, courante ; Double ; La conquérante, courante ; L'adieu, courante ; La pleureuse ; Double ; La superbe ; Rossignol ; Sarabande [6] ; Pavane [Circé] ; Chaconne ; Chaconne, ou Cascade de Mr. de Launay ; Volte ; Canarie [2] ; Le loup, canarie ; La chèvre ; Chevreau ; Gigue [Testament de Mezangeau ; Gigue [5] ; La poste ; Carillon. -- Pièces pour deux lutes = Pieces for two lutes. Les larmes de Boisset, courante et contrepartie ; Courante [L'immortelle] et contrepartie ; Canaries et contrepartie -- Pièces pour luth (ou clavecin) = Pieces for lute (or harpsichord). Courante [3] ; Sarabande ; Gigue [Carillon] ; Pièce -- Pièces pour clavecin = Pieces for harpsichord. Allemande, la vestemponade ; Courante [4] ; Courante [La superbe] ; Courante [La petite bergère] ; Courante, L'immortelle ; Sarabande ; Chaconne ; Gigue ; Gigue [La poste].</subfield>
    </datafield>
    <datafield tag="650" ind1=" " ind2="0">
      <subfield code="a">Lute music.</subfield>
      <subfield code="0">http://id.loc.gov/authorities/subjects/sh85078980</subfield>
    </datafield>
    <datafield tag="852" ind1="0" ind2="0">
      <subfield code="b">mendel</subfield>
      <subfield code="c">locked</subfield>
      <subfield code="h">M140.G26</subfield>
      <subfield code="i">S7q</subfield>
      <subfield code="k">Oversize</subfield>
      <subfield code="8">22609368710006421</subfield>
    </datafield>
  </record>