
  <record>
    <leader>00706dam a2200229 a 4500</leader>
    <controlfield tag="005">20200819200826.0</controlfield>
    <controlfield tag="008">991129s1999    enk           000 1 eng c</controlfield>
    <controlfield tag="001">9927939173506421</controlfield>
    <datafield tag="020" ind1=" " ind2=" ">
      <subfield code="a">0316646121</subfield>
    </datafield>
    <datafield tag="035" ind1=" " ind2=" ">
      <subfield code="9">CNK3848TS</subfield>
    </datafield>
    <datafield tag="035" ind1=" " ind2=" ">
      <subfield code="a">2793917</subfield>
    </datafield>
    <datafield tag="035" ind1=" " ind2=" ">
      <subfield code="a">(NjP)2793917-princetondb</subfield>
    </datafield>
    <datafield tag="040" ind1=" " ind2=" ">
      <subfield code="a">NjP</subfield>
      <subfield code="c">NjP</subfield>
    </datafield>
    <datafield tag="042" ind1=" " ind2=" ">
      <subfield code="a">pcc</subfield>
    </datafield>
    <datafield tag="050" ind1=" " ind2="4">
      <subfield code="a">PR6070.H6647</subfield>
      <subfield code="b">S66 1999</subfield>
    </datafield>
    <datafield tag="100" ind1="1" ind2=" ">
      <subfield code="a">Thompson, E. V.</subfield>
      <subfield code="q">(Ernest Victor),</subfield>
      <subfield code="d">1931-2012.</subfield>
      <subfield code="0">http://id.loc.gov/authorities/names/n80158422</subfield>
    </datafield>
    <datafield tag="245" ind1="1" ind2="0">
      <subfield code="a">Somewhere a bird is singing /</subfield>
      <subfield code="c">E. V. Thompson.</subfield>
    </datafield>
    <datafield tag="260" ind1=" " ind2=" ">
      <subfield code="a">London :</subfield>
      <subfield code="b">Little, Brown,</subfield>
      <subfield code="c">1999.</subfield>
    </datafield>
    <datafield tag="300" ind1=" " ind2=" ">
      <subfield code="a">426 p. ;</subfield>
      <subfield code="c">24 cm.</subfield>
    </datafield>
    <datafield tag="655" ind1=" " ind2="7">
      <subfield code="a">Fiction.</subfield>
      <subfield code="2">lcgft</subfield>
      <subfield code="0">http://id.loc.gov/authorities/genreForms/gf2014026339</subfield>
    </datafield>
    <datafield tag="852" ind1="0" ind2="0">
      <subfield code="b">firestone</subfield>
      <subfield code="c">stacks</subfield>
      <subfield code="h">PR6070.H6647</subfield>
      <subfield code="i">S66 1999</subfield>
      <subfield code="8">22584627410006421</subfield>
    </datafield>
  </record>