
  <record>
    <leader>00537dam a22001935u 4500</leader>
    <controlfield tag="005">20200819205331.0</controlfield>
    <controlfield tag="008">000331|2000||||||||||||||||||||| ||||||d</controlfield>
    <controlfield tag="001">9928505923506421</controlfield>
    <datafield tag="020" ind1=" " ind2=" ">
      <subfield code="a">0241140668</subfield>
    </datafield>
    <datafield tag="035" ind1=" " ind2=" ">
      <subfield code="9">CNT6181TS</subfield>
    </datafield>
    <datafield tag="035" ind1=" " ind2=" ">
      <subfield code="a">2850592</subfield>
    </datafield>
    <datafield tag="035" ind1=" " ind2=" ">
      <subfield code="a">(NjP)2850592-princetondb</subfield>
    </datafield>
    <datafield tag="040" ind1=" " ind2=" ">
      <subfield code="d">NjP</subfield>
    </datafield>
    <datafield tag="100" ind1="1" ind2=" ">
      <subfield code="a">Sutcliffe, William,</subfield>
      <subfield code="d">1971-</subfield>
      <subfield code="0">http://id.loc.gov/authorities/names/nr96030740</subfield>
    </datafield>
    <datafield tag="245" ind1="1" ind2="4">
      <subfield code="a">The love hexagon /</subfield>
      <subfield code="c">William Sutcliffe.</subfield>
    </datafield>
    <datafield tag="260" ind1=" " ind2=" ">
      <subfield code="a">London:</subfield>
      <subfield code="b">Hamish Hamilton,</subfield>
      <subfield code="c">2000.</subfield>
    </datafield>
    <datafield tag="300" ind1=" " ind2=" ">
      <subfield code="a">215 p.</subfield>
      <subfield code="c">23 cm.</subfield>
    </datafield>
    <datafield tag="852" ind1="0" ind2="0">
      <subfield code="b">firestone</subfield>
      <subfield code="c">stacks</subfield>
      <subfield code="h">PR6069.U775</subfield>
      <subfield code="i">L68 2000</subfield>
      <subfield code="8">22669932800006421</subfield>
    </datafield>
  </record>