
  <record>
    <leader>01239dam a2200337 a 4500</leader>
    <controlfield tag="005">20200824144138.0</controlfield>
    <controlfield tag="008">000522s1999    nyuacf        000 0beng d</controlfield>
    <controlfield tag="001">9929702213506421</controlfield>
    <datafield tag="010" ind1=" " ind2=" ">
      <subfield code="a">   00266382 </subfield>
    </datafield>
    <datafield tag="020" ind1=" " ind2=" ">
      <subfield code="a">0786706864</subfield>
    </datafield>
    <datafield tag="035" ind1=" " ind2=" ">
      <subfield code="a">(OCoLC)ocm42271746</subfield>
    </datafield>
    <datafield tag="035" ind1=" " ind2=" ">
      <subfield code="a">(CStRLIN)DCLC00266382-B</subfield>
    </datafield>
    <datafield tag="035" ind1=" " ind2=" ">
      <subfield code="9">CPL6317TS</subfield>
    </datafield>
    <datafield tag="035" ind1=" " ind2=" ">
      <subfield code="a">2970221</subfield>
    </datafield>
    <datafield tag="035" ind1=" " ind2=" ">
      <subfield code="a">(NjP)2970221-princetondb</subfield>
    </datafield>
    <datafield tag="040" ind1=" " ind2=" ">
      <subfield code="a">LPU</subfield>
      <subfield code="c">LPU</subfield>
      <subfield code="d">IQU</subfield>
      <subfield code="d">NDD</subfield>
      <subfield code="d">DLC</subfield>
    </datafield>
    <datafield tag="042" ind1=" " ind2=" ">
      <subfield code="a">lccopycat</subfield>
    </datafield>
    <datafield tag="043" ind1=" " ind2=" ">
      <subfield code="a">n-us---</subfield>
    </datafield>
    <datafield tag="050" ind1="0" ind2="0">
      <subfield code="a">GV865.D5</subfield>
      <subfield code="b">J66 1999</subfield>
    </datafield>
    <datafield tag="082" ind1="0" ind2="0">
      <subfield code="a">796.357/092</subfield>
      <subfield code="a">B</subfield>
      <subfield code="2">21</subfield>
    </datafield>
    <datafield tag="245" ind1="0" ind2="0">
      <subfield code="a">Joltin' Joe DiMaggio /</subfield>
      <subfield code="c">edited by Richard Gilliam.</subfield>
    </datafield>
    <datafield tag="246" ind1="3" ind2=" ">
      <subfield code="a">Jolting Joe DiMaggio</subfield>
    </datafield>
    <datafield tag="250" ind1=" " ind2=" ">
      <subfield code="a">1st Carroll &amp; Graf ed.</subfield>
    </datafield>
    <datafield tag="260" ind1=" " ind2=" ">
      <subfield code="a">New York, NY :</subfield>
      <subfield code="b">Carroll &amp; Graf Publishers :</subfield>
      <subfield code="b">Distributed by Publishers Group West,</subfield>
      <subfield code="c">1999.</subfield>
    </datafield>
    <datafield tag="300" ind1=" " ind2=" ">
      <subfield code="a">xi, 412 p., [16] p. of plates :</subfield>
      <subfield code="b">ill., ports. ;</subfield>
      <subfield code="c">21 cm.</subfield>
    </datafield>
    <datafield tag="500" ind1=" " ind2=" ">
      <subfield code="a">Reprint of articles from newspapers, books, and magazines.</subfield>
    </datafield>
    <datafield tag="600" ind1="1" ind2="0">
      <subfield code="a">DiMaggio, Joe,</subfield>
      <subfield code="d">1914-1999.</subfield>
      <subfield code="0">http://id.loc.gov/authorities/names/n79109795</subfield>
    </datafield>
    <datafield tag="650" ind1=" " ind2="0">
      <subfield code="a">Baseball players</subfield>
      <subfield code="z">United States</subfield>
      <subfield code="v">Biography.</subfield>
      <subfield code="0">http://id.loc.gov/authorities/subjects/sh2007101902</subfield>
    </datafield>
    <datafield tag="700" ind1="1" ind2=" ">
      <subfield code="a">Gilliam, Richard.</subfield>
      <subfield code="0">http://id.loc.gov/authorities/names/n92114082</subfield>
    </datafield>
    <datafield tag="852" ind1="0" ind2="0">
      <subfield code="b">firestone</subfield>
      <subfield code="c">stacks</subfield>
      <subfield code="h">GV865.D5</subfield>
      <subfield code="i">J66 1999</subfield>
      <subfield code="8">22531564690006421</subfield>
    </datafield>
  </record>