
  <record>
    <leader>00258dam a22001095  4500</leader>
    <controlfield tag="005">20200824230158.0</controlfield>
    <controlfield tag="008">000607|||||||||||||||||||||||||| |||||||</controlfield>
    <controlfield tag="001">9931883953506421</controlfield>
    <datafield tag="035" ind1=" " ind2=" ">
      <subfield code="9">EZ00801TS</subfield>
    </datafield>
    <datafield tag="035" ind1=" " ind2=" ">
      <subfield code="a">3188395</subfield>
    </datafield>
    <datafield tag="035" ind1=" " ind2=" ">
      <subfield code="a">(NjP)3188395-princetondb</subfield>
    </datafield>
    <datafield tag="100" ind1="1" ind2=" ">
      <subfield code="a">Goetzmann</subfield>
    </datafield>
    <datafield tag="245" ind1="0" ind2="0">
      <subfield code="a">Army exploration in the American West</subfield>
    </datafield>
    <datafield tag="852" ind1="8" ind2="0">
      <subfield code="b">firestone</subfield>
      <subfield code="c">stacks</subfield>
      <subfield code="h">10995.398</subfield>
      <subfield code="8">22598060040006421</subfield>
    </datafield>
  </record>