
  <record>
    <leader>00715dam a2200217 a 4500</leader>
    <controlfield tag="005">20200824214928.0</controlfield>
    <controlfield tag="008">990319s1999    enk           000 1 eng d</controlfield>
    <controlfield tag="001">9932477283506421</controlfield>
    <datafield tag="035" ind1=" " ind2=" ">
      <subfield code="a">(OCoLC)41596546</subfield>
    </datafield>
    <datafield tag="035" ind1=" " ind2=" ">
      <subfield code="a">(CU)GLAD184684102</subfield>
    </datafield>
    <datafield tag="035" ind1=" " ind2=" ">
      <subfield code="a">(CStRLIN)CUBGGLAD184684102-B</subfield>
    </datafield>
    <datafield tag="035" ind1=" " ind2=" ">
      <subfield code="a">3247728</subfield>
    </datafield>
    <datafield tag="035" ind1=" " ind2=" ">
      <subfield code="a">(NjP)3247728-princetondb</subfield>
    </datafield>
    <datafield tag="040" ind1=" " ind2=" ">
      <subfield code="a">CU</subfield>
      <subfield code="c">CU</subfield>
      <subfield code="d">CStRLIN</subfield>
    </datafield>
    <datafield tag="100" ind1="1" ind2=" ">
      <subfield code="a">Smith, Ali,</subfield>
      <subfield code="d">1962-</subfield>
      <subfield code="0">http://id.loc.gov/authorities/names/no95051389</subfield>
    </datafield>
    <datafield tag="245" ind1="1" ind2="0">
      <subfield code="a">Other stories and other stories /</subfield>
      <subfield code="c">Ali Smith.</subfield>
    </datafield>
    <datafield tag="260" ind1=" " ind2=" ">
      <subfield code="a">London :</subfield>
      <subfield code="b">Granta Books,</subfield>
      <subfield code="c">1999.</subfield>
    </datafield>
    <datafield tag="300" ind1=" " ind2=" ">
      <subfield code="a">ix, 177 p. ;</subfield>
      <subfield code="c">22 cm.</subfield>
    </datafield>
    <datafield tag="655" ind1=" " ind2="7">
      <subfield code="a">Fiction.</subfield>
      <subfield code="2">lcgft</subfield>
      <subfield code="0">http://id.loc.gov/authorities/genreForms/gf2014026339</subfield>
    </datafield>
    <datafield tag="852" ind1="0" ind2=" ">
      <subfield code="b">firestone</subfield>
      <subfield code="c">stacks</subfield>
      <subfield code="h">PR6069.M4213</subfield>
      <subfield code="i">O833 1999</subfield>
      <subfield code="8">22739962900006421</subfield>
    </datafield>
  </record>