
  <record>
    <leader>01232dam a2200325 a 4500</leader>
    <controlfield tag="005">20200825120554.0</controlfield>
    <controlfield tag="008">000508s2000    nyua          000 0deng  </controlfield>
    <controlfield tag="001">9932532593506421</controlfield>
    <datafield tag="010" ind1=" " ind2=" ">
      <subfield code="a">   00033426 </subfield>
    </datafield>
    <datafield tag="020" ind1=" " ind2=" ">
      <subfield code="a">0060194626</subfield>
    </datafield>
    <datafield tag="035" ind1=" " ind2=" ">
      <subfield code="a">(OCoLC)44045609</subfield>
    </datafield>
    <datafield tag="035" ind1=" " ind2=" ">
      <subfield code="a">(CStRLIN)DCLC0033426-B</subfield>
    </datafield>
    <datafield tag="035" ind1=" " ind2=" ">
      <subfield code="a">3253259</subfield>
    </datafield>
    <datafield tag="035" ind1=" " ind2=" ">
      <subfield code="a">(NjP)3253259-princetondb</subfield>
    </datafield>
    <datafield tag="040" ind1=" " ind2=" ">
      <subfield code="a">DLC</subfield>
      <subfield code="c">DLC</subfield>
      <subfield code="d">NjP</subfield>
    </datafield>
    <datafield tag="042" ind1=" " ind2=" ">
      <subfield code="a">pcc</subfield>
    </datafield>
    <datafield tag="043" ind1=" " ind2=" ">
      <subfield code="a">n-us---</subfield>
    </datafield>
    <datafield tag="050" ind1="0" ind2="0">
      <subfield code="a">GV838.673.A75</subfield>
      <subfield code="b">C46 2000</subfield>
    </datafield>
    <datafield tag="082" ind1="0" ind2="0">
      <subfield code="a">363.14</subfield>
      <subfield code="2">21</subfield>
    </datafield>
    <datafield tag="100" ind1="1" ind2=" ">
      <subfield code="a">Chowdhury, Bernie.</subfield>
      <subfield code="0">http://id.loc.gov/authorities/names/n00088692</subfield>
    </datafield>
    <datafield tag="245" ind1="1" ind2="4">
      <subfield code="a">The last dive :</subfield>
      <subfield code="b">a father and son's fatal descent into the ocean's depths /</subfield>
      <subfield code="c">Bernie Chowdhury.</subfield>
    </datafield>
    <datafield tag="260" ind1=" " ind2=" ">
      <subfield code="a">New York :</subfield>
      <subfield code="b">Harper Collins Publishers,</subfield>
      <subfield code="c">2000.</subfield>
    </datafield>
    <datafield tag="300" ind1=" " ind2=" ">
      <subfield code="a">xi, 356 p. :</subfield>
      <subfield code="b">ill. (some col.) ;</subfield>
      <subfield code="c">25 cm.</subfield>
    </datafield>
    <datafield tag="650" ind1=" " ind2="0">
      <subfield code="a">Scuba diving</subfield>
      <subfield code="x">Accidents</subfield>
      <subfield code="z">Atlantic Coast (U.S.).</subfield>
    </datafield>
    <datafield tag="650" ind1=" " ind2="0">
      <subfield code="a">Shipwrecks</subfield>
      <subfield code="z">Atlantic Coast (U.S.).</subfield>
    </datafield>
    <datafield tag="600" ind1="1" ind2="0">
      <subfield code="a">Rouse, Chris.</subfield>
      <subfield code="0">http://id.loc.gov/authorities/names/n00088691</subfield>
    </datafield>
    <datafield tag="600" ind1="1" ind2="0">
      <subfield code="a">Rouse, Chrissy.</subfield>
      <subfield code="0">http://id.loc.gov/authorities/names/n00088690</subfield>
    </datafield>
    <datafield tag="650" ind1=" " ind2="0">
      <subfield code="a">Scuba divers</subfield>
      <subfield code="z">United States.</subfield>
    </datafield>
    <datafield tag="650" ind1=" " ind2="0">
      <subfield code="a">Fathers and sons</subfield>
      <subfield code="z">United States.</subfield>
      <subfield code="0">http://id.loc.gov/authorities/subjects/sh2008103613</subfield>
    </datafield>
    <datafield tag="852" ind1="0" ind2=" ">
      <subfield code="b">firestone</subfield>
      <subfield code="c">stacks</subfield>
      <subfield code="h">GV838.673.A75</subfield>
      <subfield code="i">C46 2000</subfield>
      <subfield code="8">22593735310006421</subfield>
    </datafield>
  </record>