
  <record>
    <leader>01235dcm a2200277 a 4500</leader>
    <controlfield tag="005">20200825114703.0</controlfield>
    <controlfield tag="008">010208r20001821nhufta   beh   n        d</controlfield>
    <controlfield tag="001">9933098633506421</controlfield>
    <datafield tag="035" ind1=" " ind2=" ">
      <subfield code="a">3309863</subfield>
    </datafield>
    <datafield tag="035" ind1=" " ind2=" ">
      <subfield code="a">(NjP)3309863-princetondb</subfield>
    </datafield>
    <datafield tag="040" ind1=" " ind2=" ">
      <subfield code="a">NjP</subfield>
      <subfield code="c">NjP</subfield>
    </datafield>
    <datafield tag="045" ind1="0" ind2=" ">
      <subfield code="b">d1823</subfield>
    </datafield>
    <datafield tag="048" ind1=" " ind2=" ">
      <subfield code="a">wa01</subfield>
      <subfield code="a">ka01</subfield>
    </datafield>
    <datafield tag="100" ind1="1" ind2=" ">
      <subfield code="a">Nicholson, Charles,</subfield>
      <subfield code="d">1795-1837.</subfield>
      <subfield code="0">http://id.loc.gov/authorities/names/n82044811</subfield>
    </datafield>
    <datafield tag="240" ind1="1" ind2="0">
      <subfield code="a">Fantasias,</subfield>
      <subfield code="m">flute, piano,</subfield>
      <subfield code="n">no. 1</subfield>
    </datafield>
    <datafield tag="245" ind1="0" ind2="0">
      <subfield code="a">Twelve fantasies.</subfield>
      <subfield code="n">No. 1 for flute &amp; pianoforte /</subfield>
      <subfield code="c">composed by Charles Nicholson ; introduction by Dr. Eileen Yarrison.</subfield>
    </datafield>
    <datafield tag="260" ind1=" " ind2=" ">
      <subfield code="a">Nashua, N.H. :</subfield>
      <subfield code="b">Falls House Press,</subfield>
      <subfield code="c">c2000.</subfield>
    </datafield>
    <datafield tag="300" ind1=" " ind2=" ">
      <subfield code="a">1 score (9 p.) + 1 part (4 p.) ;</subfield>
      <subfield code="c">28 cm.</subfield>
    </datafield>
    <datafield tag="500" ind1=" " ind2=" ">
      <subfield code="a">Cover title.</subfield>
    </datafield>
    <datafield tag="534" ind1=" " ind2=" ">
      <subfield code="p">Reprint. Originally published:</subfield>
      <subfield code="c">London : Clementi, [ca. 1821]</subfield>
    </datafield>
    <datafield tag="590" ind1=" " ind2=" ">
      <subfield code="a">Flute part in pocket.</subfield>
    </datafield>
    <datafield tag="650" ind1=" " ind2="0">
      <subfield code="a">Flute and piano music</subfield>
      <subfield code="v">Scores and parts.</subfield>
      <subfield code="0">http://id.loc.gov/authorities/subjects/sh2008103871</subfield>
    </datafield>
    <datafield tag="655" ind1=" " ind2="7">
      <subfield code="a">Parts (Music)</subfield>
      <subfield code="2">lcgft</subfield>
      <subfield code="0">http://id.loc.gov/authorities/genreForms/gf2014026986</subfield>
    </datafield>
    <datafield tag="655" ind1=" " ind2="7">
      <subfield code="a">Scores.</subfield>
      <subfield code="2">lcgft</subfield>
      <subfield code="0">http://id.loc.gov/authorities/genreForms/gf2014027077</subfield>
    </datafield>
    <datafield tag="655" ind1=" " ind2="7">
      <subfield code="a">Fantasias (Music)</subfield>
      <subfield code="2">lcgft</subfield>
      <subfield code="0">http://id.loc.gov/authorities/genreForms/gf2018026018</subfield>
    </datafield>
    <datafield tag="852" ind1="0" ind2=" ">
      <subfield code="b">mendel</subfield>
      <subfield code="c">stacks</subfield>
      <subfield code="8">22532955530006421</subfield>
    </datafield>
  </record>